%% This BibTeX bibliography file was created using BibDesk.
%% http://bibdesk.sourceforge.net/


%% Created for Matteo Riondato at 2015-05-15 11:21:58 -0400 


%% Saved with string encoding Unicode (UTF-8) 



@inproceedings{GuLHL01,
	Author = {Baohua, Gu and Liu, Bing and Hu, Feifang and Liu, Huan},
	Booktitle = {European Conf.~Mach.~Learn.},
	Date-Added = {2014-05-20 13:15:39 -0400},
	Date-Modified = {2014-05-20 13:17:57 -0400},
	Title = {Efficiently determining the starting sample size for progressive sampling},
	Year = {2001}}

@inproceedings{ProvostJO99,
	Acmid = {312188},
	Address = {New York, NY, USA},
	Author = {Provost, Foster and Jensen, David and Oates, Tim},
	Booktitle = {Proc.~5th ACM SIGKDD Int.~Conf.~Knowl.~Disc.~Data Mining},
	Date-Added = {2014-05-20 13:07:10 -0400},
	Date-Modified = {2014-05-20 13:12:06 -0400},
	Doi = {10.1145/312129.312188},
	Isbn = {1-58113-143-7},
	Location = {San Diego, California, USA},
	Numpages = {10},
	Pages = {23--32},
	Publisher = {ACM},
	Series = {KDD '99},
	Title = {Efficient Progressive Sampling},
	Url = {http://doi.acm.org/10.1145/312129.312188},
	Year = {1999},
	Bdsk-Url-1 = {http://doi.acm.org/10.1145/312129.312188},
	Bdsk-Url-2 = {http://dx.doi.org/10.1145/312129.312188}}

@inproceedings{HajiaghayiJKLMRSV06,
	Author = {Hajiaghayi, M. T. and Jain, K. and Konwar, K. and Lau, L. C. and M\v{a}ndoiu, I. I. and Russell, A. and Shvartsman, A. and Vazirani, V. V.},
	Booktitle = {Proc. Int. Workshop on Bioniformatics Research and Applications (IWBRA)},
	Date-Added = {2014-04-08 15:56:42 -0400},
	Date-Modified = {2015-05-15 15:21:57 +0000},
	Title = {Minimum Multicolored Subgraph Problem in Multiplex PCR Primer Set Selection and Population Haplotyping''},
	Year = {2006}}

@article{Arulselvan14,
	Author = {Arulselvan, Ashwin},
	Date-Added = {2014-04-08 15:56:38 -0400},
	Date-Modified = {2014-04-08 15:56:38 -0400},
	Doi = {10.1016/j.dam.2013.12.015},
	Issn = {0166-218X},
	Journal = {Discrete Applied Mathematics},
	Keywords = {Greedy},
	Number = {0},
	Pages = {214 - 218},
	Title = {A note on the set union knapsack problem},
	Volume = {169},
	Year = {2014},
	Bdsk-Url-1 = {http://www.sciencedirect.com/science/article/pii/S0166218X1300588X},
	Bdsk-Url-2 = {http://dx.doi.org/10.1016/j.dam.2013.12.015}}

@article{HeS12,
	Author = {He, Ruefei and Shapiro, Jonathan},
	Date-Added = {2014-03-14 10:12:34 -0400},
	Date-Modified = {2014-03-14 10:25:16 -0400},
	Journal = {CoRR},
	Month = sep,
	Pages = {1--33},
	Title = {Bayesian Mixture Models for Frequent Itemset Discovery},
	Volume = {abs/1209.6001},
	Year = {2012}}

@article{TanKS04,
	Author = {Tan, Pan-Ning and Kumar, Vipin and Srivastava, Jaideep},
	Date-Added = {2014-03-14 10:10:42 -0400},
	Date-Modified = {2014-03-25 08:32:43 -0400},
	Journal = {Inf. Sys.},
	Pages = {293--313},
	Title = {Selecting the right objective measure for association analysis},
	Volume = {29},
	Year = {2004}}

@inproceedings{HanPY00,
	Author = {Han, Jiawei and Pei, Jian and Yin, Yiwen},
	Bibsource = {DBLP, http://dblp.uni-trier.de},
	Booktitle = {SIGMOD Conf.},
	Crossref = {DBLP:conf/sigmod/2000},
	Date-Added = {2013-03-03 19:43:10 -0500},
	Date-Modified = {2014-03-25 08:28:00 -0400},
	Pages = {1--12},
	Title = {Mining Frequent Patterns without Candidate Generation},
	Year = {2000}}

@article{GoethalsZ04,
	Acmid = {1007744},
	Address = {New York, NY, USA},
	Author = {Goethals, Bart and Zaki, Mohammed J.},
	Date-Added = {2013-03-03 19:40:16 -0500},
	Date-Modified = {2014-03-25 08:27:29 -0400},
	Doi = {10.1145/1007730.1007744},
	Issn = {1931-0145},
	Issue_Date = {June 2004},
	Journal = {SIGKDD Explor. Newsl.},
	Month = jun,
	Number = {1},
	Numpages = {9},
	Pages = {109--117},
	Publisher = {ACM},
	Title = {Advances in frequent itemset mining implementations: report on {FIMI'03}},
	Volume = {6},
	Year = {2004},
	Bdsk-Url-1 = {http://doi.acm.org/10.1145/1007730.1007744},
	Bdsk-Url-2 = {http://dx.doi.org/10.1145/1007730.1007744}}

@unpublished{Fp,
	Author = {Coenen, Frans},
	Date-Added = {2013-03-03 18:20:51 -0500},
	Date-Modified = {2014-03-14 10:28:45 -0400},
	Note = {\url{http://cgi.csc.liv.ac.uk/~frans/KDD/Software/FPgrowth/fpGrowth.html}},
	Title = {The {LUCS-KDD FP}-growth Association Rule Mining Algorithm},
	Year = {2014},
	Bdsk-Url-1 = {http://cgi.csc.liv.ac.uk/~frans/KDD/Software/FPgrowth/fpGrowth.html}}

@manual{baron,
	Author = {Sahinidis, Nick V. and Tawarmalani, Mohit},
	Date-Added = {2013-03-03 18:20:34 -0500},
	Date-Modified = {2013-03-03 18:20:34 -0500},
	Optnote = {{Available at \url{http://www.gams.com/dd/docs/solvers/baron.pdf}}},
	Title = {{BARON 9.0.4: Global Optimization of Mixed-Integer Nonlinear Programs, {\em User's Manual}}},
	Year = {2010}}

@article{GoldschmidtNY94,
	Author = {Goldschmidt, Olivier and Nehme, David and Yu, Gang},
	Date-Added = {2012-12-21 07:39:44 +0100},
	Date-Modified = {2013-10-09 22:29:13 -0400},
	Journal = {Naval Research Logistics},
	Number = {6},
	Pages = {833--842},
	Title = {Note: On the Set-Union Knapsack Problem},
	Volume = {41},
	Year = {1994}}

@inproceedings{BrijsSVW99,
	Author = {Brijs, Tom and Swinnen, Gilbert and Vanhoof, Koen and Wets, Geert},
	Bibsource = {DBLP, http://dblp.uni-trier.de},
	Booktitle = {KDD},
	Crossref = {DBLP:conf/kdd/1999},
	Date-Added = {2012-12-17 22:06:03 +0100},
	Date-Modified = {2014-03-25 08:21:23 -0400},
	Doi = {10.1145/312129.312241},
	Pages = {254--260},
	Title = {Using Association Rules for Product Assortment Decisions: A Case Study},
	Year = {1999},
	Bdsk-Url-1 = {http://dx.doi.org/10.1145/312129.312241}}

@article{GeurtsWBV03,
	Author = {Geurts, Karolien and Wets, Geert and Brijs, Tom and Vanhoof, Koen},
	Date-Added = {2012-12-17 21:53:38 +0100},
	Date-Modified = {2012-12-17 21:58:33 +0100},
	Journal = {Transportation Research Record: Journal of the Transportation Research Board},
	Pages = {123--130},
	Title = {Profiling of high-frequency accident locations by use of association rules},
	Volume = {1840},
	Year = {2003}}

@inproceedings{GrahneZ03,
	Author = {Grahne, G{\"o}sta and Zhu, Jianfei},
	Bibsource = {DBLP, http://dblp.uni-trier.de},
	Booktitle = {FIMI},
	Crossref = {DBLP:conf/fimi/2003},
	Date-Added = {2012-12-17 07:36:04 +0100},
	Date-Modified = {2014-03-25 08:27:45 -0400},
	Title = {Efficiently Using Prefix-trees in Mining Frequent Itemsets},
	Year = {2003}}

@inproceedings{DeanS04,
	Author = {Dean, Jeffrey and Ghemawat, Sanjay},
	Bibsource = {DBLP, http://dblp.uni-trier.de},
	Booktitle = {OSDI},
	Date-Added = {2012-11-01 20:38:08 -0400},
	Date-Modified = {2014-03-25 08:26:28 -0400},
	Pages = {137--150},
	Title = {MapReduce: Simplified Data Processing on Large Clusters},
	Year = {2004}}

@article{Vitter87,
	Acmid = {23003},
	Address = {New York, NY, USA},
	Author = {Vitter, Jeffrey Scott},
	Date-Added = {2012-11-01 20:33:27 -0400},
	Date-Modified = {2014-03-25 08:34:22 -0400},
	Doi = {10.1145/23002.23003},
	Issn = {0098-3500},
	Issue_Date = {March 1987},
	Journal = {ACM Trans.~Math.~Softw.},
	Month = mar,
	Number = {1},
	Numpages = {10},
	Pages = {58--67},
	Publisher = {ACM},
	Title = {An efficient algorithm for sequential random sampling},
	Volume = {13},
	Year = {1987},
	Bdsk-Url-1 = {http://doi.acm.org/10.1145/23002.23003},
	Bdsk-Url-2 = {http://dx.doi.org/10.1145/23002.23003}}

@inproceedings{MampaeyTV11,
	Acmid = {2020499},
	Address = {New York, NY, USA},
	Author = {Mampaey, Michael and Tatti, Nikolaj and Vreeken, Jilles},
	Booktitle = {Proc.~17th ACM SIGKDD Int.~Conf.~Knowl.~Disc.~Data Mining},
	Date-Added = {2012-04-04 20:34:44 -0400},
	Date-Modified = {2014-03-25 08:31:06 -0400},
	Doi = {10.1145/2020408.2020499},
	Isbn = {978-1-4503-0813-7},
	Keywords = {itemsets, maximum entropy, summarization},
	Location = {San Diego, California, USA},
	Numpages = {9},
	Pages = {573--581},
	Publisher = {ACM},
	Series = {KDD '11},
	Title = {Tell me what {I} need to know: succinctly summarizing data with itemsets},
	Year = {2011},
	Bdsk-Url-1 = {http://doi.acm.org/10.1145/2020408.2020499},
	Bdsk-Url-2 = {http://dx.doi.org/10.1145/2020408.2020499}}

@article{ChuangHC08,
	Acmid = {1388516},
	Address = {Secaucus, NJ, USA},
	Author = {Chuang, Kun-Ta and Huang, Jiun-Long and Chen, Ming-Syan},
	Date-Added = {2012-03-22 16:08:20 -0400},
	Date-Modified = {2014-03-25 08:25:39 -0400},
	Doi = {10.1007/s00778-007-0054-1},
	Issn = {1066-8888},
	Issue_Date = {August 2008},
	Journal = {VLDB J.},
	Month = aug,
	Number = {5},
	Numpages = {21},
	Pages = {1121--1141},
	Publisher = {Springer-Verlag New York, Inc.},
	Title = {Power-law relationship and self-similarity in the itemset support distribution: analysis and applications},
	Volume = {17},
	Year = {2008},
	Bdsk-Url-1 = {http://dx.doi.org/10.1007/s00778-007-0054-1}}

@article{HanCXY07,
	Author = {Han, Jiawei and Cheng, Hong and Xin, Dong and Yan, Xifeng},
	Date-Added = {2012-03-22 16:05:41 -0400},
	Date-Modified = {2014-03-25 08:27:51 -0400},
	Doi = {10.1007/s10618-006-0059-1},
	Issn = {1384-5810},
	Issue = {1},
	Journal = {Data Mining and Knowl.~Disc.~},
	Keywords = {Frequent pattern mining; Association rules; Data Mining research; Applications},
	Language = {English},
	Pages = {55--86},
	Publisher = {Kluwer Academic Publishers-Plenum Publishers},
	Title = {Frequent pattern mining: current status and future directions},
	Volume = {15},
	Year = {2007},
	Bdsk-Url-1 = {http://dx.doi.org/10.1007/s10618-006-0059-1}}

@misc{ARTool,
	Author = {Cristofor, Laurentiu},
	Date-Added = {2011-10-20 11:13:51 -0400},
	Date-Modified = {2011-10-20 11:15:28 -0400},
	Howpublished = {\url{http://www.cs.umb.edu/~laur/ARtool/}},
	Title = {ARTool},
	Year = {2006}}

@conference{accidents,
	Author = {Geurts, Karolien and Wets, Geert and Brijs, Tom and Vanhoof, Koen},
	Booktitle = {Proc.~82nd Annual Transportation Research Board, Washington DC. (USA), January 12-16},
	Date-Added = {2011-10-20 10:49:33 -0400},
	Date-Modified = {2011-11-10 23:31:30 -0500},
	Pages = {18pp},
	Publisher = {Transportation Research Board Transportation Research Board},
	Title = {Profiling High Frequency Accident Locations Using Association Rules},
	Year = {2003}}

@inproceedings{Toivonen96,
	Acmid = {673325},
	Address = {San Francisco, CA, USA},
	Author = {Toivonen, Hannu},
	Booktitle = {Proc.~22nd Int.~Conf.~Very Large Data Bases},
	Date-Added = {2011-10-04 10:21:32 -0400},
	Date-Modified = {2014-03-25 08:32:52 -0400},
	Isbn = {1-55860-382-4},
	Numpages = {12},
	Pages = {134--145},
	Publisher = {Morgan Kaufmann Publishers Inc.},
	Series = {VLDB '96},
	Title = {Sampling Large Databases for Association Rules},
	Year = {1996},
	Bdsk-Url-1 = {http://dl.acm.org/citation.cfm?id=645922.673325}}

@inproceedings{WangDC05,
	Author = {Wang, Surong and Dash, Manoranjan and Chia, Liang-Tien},
	Bibsource = {DBLP, http://dblp.uni-trier.de},
	Booktitle = {Proc.~9th Pacific-Asia Conf.~Advances Knowl.~Disc.~Data Mining, PAKDD 2005},
	Date-Added = {2011-08-12 13:38:53 -0400},
	Date-Modified = {2014-03-25 08:34:36 -0400},
	Editor = {Ho, Tu Bao and Cheung, David Wai-Lok and Liu, Huan},
	Pages = {452--463},
	Publisher = {Springer Berlin Heidelberg},
	Series = {Lecture Notes in Computer Science},
	Title = {Efficient Sampling: Application to Image Data},
	Volume = {3518},
	Year = {2005}}

@inproceedings{BronnimanCDHS03,
	Acmid = {956761},
	Address = {New York, NY, USA},
	Author = {Br\"{o}nnimann, Herv\'{e} and Chen, Bin and Dash, Manoranjan and Haas, Peter and Scheuermann, Peter},
	Booktitle = {Proc.~9th ACM SIGKDD Int.~Conf.~Knowl.~Disc.~Data Mining},
	Date-Added = {2011-08-12 13:30:25 -0400},
	Date-Modified = {2014-03-25 08:21:35 -0400},
	Doi = {10.1145/956750.956761},
	Isbn = {1-58113-737-0},
	Keywords = {OLAP, association rules, count dataset, data streams, frequency estimation, sampling},
	Location = {Washington, D.C.},
	Numpages = {10},
	Pages = {59--68},
	Publisher = {ACM},
	Series = {KDD '03},
	Title = {Efficient data reduction with EASE},
	Year = {2003},
	Bdsk-Url-1 = {http://doi.acm.org/10.1145/956750.956761}}

@article{WangHLT05,
	Acmid = {1053696},
	Address = {Piscataway, NJ, USA},
	Author = {Wang, Jianyong and Han, Jiawei and Lu, Ying and Tzvetkov, Petre},
	Date-Added = {2011-08-12 13:14:45 -0400},
	Date-Modified = {2014-03-25 08:35:01 -0400},
	Doi = {10.1109/TKDE.2005.81},
	Issn = {1041-4347},
	Issue = {5},
	Journal = {IEEE Trans.~Knowl.~Data Eng.},
	Keywords = {Index Terms- Data Mining, frequent itemset, association rules, mining methods and algorithms.},
	Month = may,
	Numpages = {13},
	Pages = {652--664},
	Publisher = {IEEE Educational Activities Department},
	Title = {{TFP}: An Efficient Algorithm for Mining Top-K Frequent Closed Itemsets},
	Volume = {17},
	Year = {2005},
	Bdsk-Url-1 = {http://dx.doi.org/10.1109/TKDE.2005.81}}

@article{CheungF04,
	Acmid = {1018324},
	Address = {Piscataway, NJ, USA},
	Author = {Cheung, Yin-Ling and Fu, Ada Wai-Chee},
	Date-Added = {2011-08-12 13:14:03 -0400},
	Date-Modified = {2014-03-25 08:24:59 -0400},
	Doi = {10.1109/TKDE.2004.44},
	Issn = {1041-4347},
	Issue = {9},
	Journal = {IEEE Trans.~Knowl.~Data Eng.},
	Keywords = {Index Terms- Association rules, N-most interesting itemsets, FP-tree, item constraints.},
	Month = sep,
	Numpages = {18},
	Pages = {1052--1069},
	Publisher = {IEEE Educational Activities Department},
	Title = {Mining Frequent Itemsets without Support Threshold: With and without Item Constraints},
	Volume = {16},
	Year = {2004},
	Bdsk-Url-1 = {http://dx.doi.org/10.1109/TKDE.2004.44}}

@inproceedings{FuKT00,
	Acmid = {690099},
	Author = {Fu, Ada Wai-Chee and Kwong, Renfrew W.-w. and Tang, Jian},
	Booktitle = {Proc.~12th Int.~Symp.~Foundations of Intelligent Systems},
	Date-Added = {2011-08-12 13:12:18 -0400},
	Date-Modified = {2014-03-25 08:27:15 -0400},
	Isbn = {3-540-41094-5},
	Numpages = {9},
	Pages = {59--67},
	Publisher = {Springer Berlin Heidelberg},
	Series = {ISMIS '00},
	Title = {Mining N-most Interesting Itemsets},
	Year = {2000},
	Bdsk-Url-1 = {http://portal.acm.org/citation.cfm?id=646359.690099}}

@inproceedings{MannilaTV94,
	Address = {Menlo Park, CA, USA},
	Author = {Mannila, Heikki and Toivonen, Hannu and Verkamo, Inkeri},
	Booktitle = {KDD Workshop},
	Date-Added = {2011-08-12 09:01:28 -0400},
	Date-Modified = {2011-11-10 23:24:52 -0500},
	Pages = {181--192},
	Publisher = {The AAAI Press},
	Title = {Efficient Algorithms for Discovering Association Rules},
	Year = {1994}}

@article{CeglarR06,
	Acmid = {1132958},
	Address = {New York, NY, USA},
	Articleno = {5},
	Author = {Ceglar, Aaron and Roddick, John F.},
	Date-Added = {2011-08-12 08:55:28 -0400},
	Date-Modified = {2014-03-25 08:22:35 -0400},
	Doi = {10.1145/1132956.1132958},
	Issn = {0360-0300},
	Issue = {2},
	Journal = {ACM Comput. Surv.},
	Keywords = {Data Mining, association mining},
	Month = jul,
	Pages = {5},
	Publisher = {ACM},
	Title = {Association mining},
	Volume = {38},
	Year = {2006},
	Bdsk-Url-1 = {http://doi.acm.org/10.1145/1132956.1132958}}

@inproceedings{AgrawalS94,
	Acmid = {672836},
	Address = {San Francisco, CA, USA},
	Author = {Agrawal, Rakesh and Srikant, Ramakrishnan},
	Booktitle = {Proc.~20th Int.~Conf.~Very Large Data Bases},
	Date-Added = {2011-08-12 08:44:45 -0400},
	Date-Modified = {2014-03-25 08:20:58 -0400},
	Isbn = {1-55860-153-8},
	Numpages = {13},
	Pages = {487--499},
	Publisher = {Morgan Kaufmann Publishers Inc.},
	Series = {VLDB '94},
	Title = {Fast Algorithms for Mining Association Rules in Large Databases},
	Year = {1994},
	Bdsk-Url-1 = {http://portal.acm.org/citation.cfm?id=645920.672836}}

@article{AgrawalIS93,
	Acmid = {170072},
	Address = {New York, NY, USA},
	Author = {Agrawal, Rakesh and Imieli\'{n}ski, Tomasz and Swami, Arun},
	Date-Added = {2011-08-12 08:43:57 -0400},
	Date-Modified = {2014-03-25 08:20:38 -0400},
	Doi = {10.1145/170036.170072},
	Issn = {0163-5808},
	Issue = {2},
	Journal = {SIGMOD Rec.},
	Month = jun,
	Numpages = {10},
	Pages = {207--216},
	Publisher = {ACM},
	Title = {Mining association rules between sets of items in large databases},
	Volume = {22},
	Year = {1993},
	Bdsk-Url-1 = {http://doi.acm.org/10.1145/170036.170072}}

@article{ChanHC08,
	Affiliation = {National Taiwan University Department of Electrical Engineering Taipei Taiwan, ROC},
	Author = {Chuang, Kun-Ta and Huang, Jiun-Long and Chen, Ming-Syan},
	Date-Added = {2011-08-08 20:33:19 -0400},
	Date-Modified = {2014-03-25 08:23:52 -0400},
	Doi = {10.1007/s00778-007-0054-1},
	Issn = {1066-8888},
	Issue = {5},
	Journal = {VLDB J.},
	Keyword = {Computer Science},
	Pages = {1121--1141},
	Publisher = {Springer Berlin Heidelberg},
	Title = {Power-law relationship and self-similarity in the itemset support distribution: analysis and applications},
	Volume = {17},
	Year = {2008},
	Bdsk-Url-1 = {http://dx.doi.org/10.1007/s00778-007-0054-1}}

@article{SchefferW02,
	Acmid = {944956},
	Author = {Scheffer, Tobias and Wrobel, Stefan},
	Date-Added = {2011-08-08 20:32:23 -0400},
	Date-Modified = {2014-03-25 08:32:34 -0400},
	Issn = {1532-4435},
	Journal = {J. Mach. Learn. Res.},
	Month = dec,
	Numpages = {30},
	Pages = {833--862},
	Publisher = {JMLR.org},
	Title = {Finding the most interesting patterns in a database quickly by using sequential sampling},
	Volume = {3},
	Year = {2002},
	Bdsk-Url-1 = {http://portal.acm.org/citation.cfm?id=944919.944956}}

@article{UmaraniP10-2,
	Author = {Umarani, V. and Punithavalli, M.},
	Date-Added = {2011-08-08 15:59:04 -0400},
	Date-Modified = {2014-03-25 08:33:53 -0400},
	Journal = {Int. J. Comp. Sci. Appl.},
	Month = nov,
	Number = {9},
	Pages = {15--18},
	Title = {A Novel Progressive Sampling based Approach for Effective Mining of Association Rules},
	Volume = {10},
	Year = {2010}}

@article{UmaraniP10,
	Author = {Umarani, V. and Punithavalli, M.},
	Date-Added = {2011-08-08 15:56:15 -0400},
	Date-Modified = {2014-03-25 08:33:36 -0400},
	Journal = {Int. J. Comp. Sci. Eng.},
	Number = {2},
	Pages = {314--318},
	Title = {Sampling based Association Rules Mining -- A Recent Overview},
	Volume = {2},
	Year = {2010}}

@techreport{VasudevanV09,
	Author = {Vasudevan, Dinkar and Vojonovi\'{c}, Milan},
	Date-Added = {2011-08-08 15:52:48 -0400},
	Date-Modified = {2011-08-08 15:54:55 -0400},
	Institution = {Microsoft Research},
	Number = {8},
	Title = {Ranking through Random Sampling},
	Type = {MSR-TR-2009-8},
	Year = {2009}}

@article{ZhangZW03,
	Author = {Zhang, Chengqi and Zhang, Shichao and Webb, Geoffrey I.},
	Date-Added = {2011-08-08 15:26:33 -0400},
	Date-Modified = {2014-03-25 08:38:18 -0400},
	Doi = {10.1023/A:1020995206763},
	Issn = {0924-669X},
	Issue = {1},
	Journal = {Applied Intelligence},
	Keyword = {Computer Science},
	Pages = {91--104},
	Publisher = {Springer Netherlands},
	Title = {Identifying Approximate Itemsets of Interest in Large Databases},
	Volume = {18},
	Year = {2003},
	Bdsk-Url-1 = {http://dx.doi.org/10.1023/A:1020995206763}}

@inproceedings{UmaraniP10-3,
	Author = {Umarani, V. and Punithavalli, M.},
	Booktitle = {The 2nd IEEE Int.~Conf.~Information Management and Engineering (ICIME)},
	Date-Added = {2011-08-08 12:05:16 -0400},
	Date-Modified = {2014-03-25 08:34:07 -0400},
	Doi = {10.1109/ICIME.2010.5477643},
	Keywords = {ARM;Apriori algorithm;I/O intensive process;association rule discovery;association rule mining;data mining;effectual progressive sampling;numerous sampling;data mining;input-output programs;},
	Month = apr,
	Pages = {8--12},
	Title = {On developing an effectual progressive sampling-based approach for association rule discovery},
	Year = {2010},
	Bdsk-Url-1 = {http://dx.doi.org/10.1109/ICIME.2010.5477643}}

@article{UmaraniP09,
	Address = {Los Alamitos, CA, USA},
	Author = {Umarani, V. and Punithavalli, M.},
	Date-Added = {2011-08-08 12:03:02 -0400},
	Date-Modified = {2014-03-25 08:33:02 -0400},
	Doi = {10.1109/ICCEE.2009.211},
	Isbn = {978-0-7695-3925-6},
	Journal = {Int.~Conf.~Computer and Electrical Engineering},
	Pages = {6100-614},
	Publisher = {IEEE Computer Society},
	Title = {Developing Novel and Effective Approach for Association Rule Mining Using Progressive Sampling},
	Volume = {1},
	Year = {2009},
	Bdsk-Url-1 = {http://doi.ieeecomputersociety.org/10.1109/ICCEE.2009.211}}

@article{Calders2008,
	Author = {Calders, Toon},
	Date-Added = {2011-08-08 11:15:37 -0400},
	Date-Modified = {2014-03-25 08:22:11 -0400},
	Doi = {10.1016/j.tcs.2007.11.003},
	Issn = {0304-3975},
	Journal = {Theor. Comput. Sci.},
	Keywords = {Complexity},
	Number = {1-2},
	Pages = {84--111},
	Title = {Itemset frequency satisfiability: Complexity and axiomatization},
	Url = {http://www.sciencedirect.com/science/article/pii/S0304397507008456},
	Volume = {394},
	Year = {2008},
	Bdsk-Url-1 = {http://www.sciencedirect.com/science/article/pii/S0304397507008456},
	Bdsk-Url-2 = {http://dx.doi.org/10.1016/j.tcs.2007.11.003}}

@article{ChandraB11,
	Author = {Chandra, Bala and Bhaskar, Shalini},
	Date-Added = {2011-08-08 11:12:56 -0400},
	Date-Modified = {2014-03-25 08:23:28 -0400},
	Doi = {10.1016/j.eswa.2010.07.008},
	Issn = {0957-4174},
	Journal = {Expert Sys. with Appl.},
	Keywords = {Scalability},
	Number = {3},
	Pages = {1321--1325},
	Title = {A new approach for generating efficient sample from market basket data},
	Volume = {38},
	Year = {2011},
	Bdsk-Url-1 = {http://www.sciencedirect.com/science/article/pii/S0957417410006251},
	Bdsk-Url-2 = {http://dx.doi.org/10.1016/j.eswa.2010.07.008}}

@inproceedings{HwangK06,
	Author = {Hwang, Wontae and Kim, Dongseung},
	Booktitle = {Proc.~6th IEEE Int.~Conf.~Computer and Inform.~Tech.},
	Date-Added = {2011-08-08 10:51:33 -0400},
	Date-Modified = {2011-11-10 23:23:56 -0500},
	Doi = {10.1109/CIT.2006.101},
	Month = sep,
	Pages = {24},
	Publisher = {IEEE Computer Society},
	Series = {CIT '06},
	Title = {Improved Association Rule Mining by Modified Trimming},
	Year = {2006},
	Bdsk-Url-1 = {http://dx.doi.org/10.1109/CIT.2006.101}}

@article{ZhangJL10,
	Author = {Zhang, Shichao and Jin, Zhi and Lu, Jingli},
	Date-Added = {2011-08-08 10:50:56 -0400},
	Date-Modified = {2014-03-25 08:38:03 -0400},
	Doi = {10.1016/j.jss.2009.09.026},
	Issn = {0164-1212},
	Journal = {J. Sys. Softw.},
	Keywords = {Support distribution},
	Number = {3},
	Pages = {405--411},
	Title = {Summary queries for frequent itemsets mining},
	Volume = {83},
	Year = {2010},
	Bdsk-Url-1 = {http://www.sciencedirect.com/science/article/pii/S0164121209002349},
	Bdsk-Url-2 = {http://dx.doi.org/10.1016/j.jss.2009.09.026}}

@inproceedings{HassanI10,
	Author = {Hassan, H.A. and Idrees, A.M.},
	Booktitle = {The 7th Int.~Conf.~Informatics and Systems},
	Date-Added = {2011-08-08 10:46:42 -0400},
	Date-Modified = {2014-03-25 08:28:29 -0400},
	Keywords = {data mining process;interactive process;iterative process;knowledge discovery in databases;knowledge discovery system;sampling technique selection framework;data mining;iterative methods;sampling methods;},
	Month = mar,
	Pages = {1--8},
	Series = {INFOS'10},
	Title = {Sampling technique selection framework for knowledge discovery},
	Year = {2010}}

@incollection{JiaL05,
	Affiliation = {Lab of Intelligent Information Processing, Institute of Computing Technology, Academia Sinica, Beijing, 100080 China},
	Author = {Jia, Caiyan and Lu, Ruqian},
	Booktitle = {Fuzzy Systems and Knowl.~Disc.~},
	Date-Added = {2011-08-08 10:45:18 -0400},
	Date-Modified = {2014-03-25 08:30:05 -0400},
	Doi = {10.1007/11539506_150},
	Editor = {Wang, Lipo and Jin, Yaochu},
	Pages = {478--478},
	Publisher = {Springer Berlin Heidelberg},
	Series = {Lecture Notes in Computer Science},
	Title = {Sampling Ensembles for Frequent Patterns},
	Volume = {3613},
	Year = {2005},
	Bdsk-Url-1 = {http://dx.doi.org/10.1007/11539506_150}}

@article{JiaG05,
	Affiliation = {The Key Laboratory of Intelligent Information Processing, Institute of Computing Technology Chinese Academy of Sciences Beijing 100080 P.R. China},
	Author = {Jia, Cai-Yan and Gao, Xie-Ping},
	Date-Added = {2011-08-08 10:44:19 -0400},
	Date-Modified = {2014-03-25 08:29:43 -0400},
	Doi = {10.1007/s11390-005-0309-5},
	Issn = {1000-9000},
	Issue = {3},
	Journal = {J. Comp. Sci. Techn.},
	Keyword = {Computer Science},
	Pages = {309--318},
	Publisher = {Springer Boston},
	Title = {Multi-Scaling Sampling: An Adaptive Sampling Method for Discovering Approximate Association Rules},
	Volume = {20},
	Year = {2005},
	Bdsk-Url-1 = {http://dx.doi.org/10.1007/s11390-005-0309-5}}

@incollection{ChuangCY05,
	Affiliation = {Graduate Institute of Communication Engineering, National Taiwan University, Intelligent Business Technology Inc., Taipei, Taiwan, ROC},
	Author = {Chuang, Kun-Ta and Chen, Ming-Syan and Yang, Wen-Chieh},
	Booktitle = {Advances in Knowl.~Disc.~ and Data Mining},
	Date-Added = {2011-08-08 10:43:26 -0400},
	Date-Modified = {2014-03-25 08:25:25 -0400},
	Editor = {Ho, Tu and Cheung, David and Liu, Huan},
	Pages = {37--44},
	Publisher = {Springer Berlin Heidelberg},
	Series = {Lecture Notes in Computer Science},
	Title = {Progressive Sampling for Association Rules Based on Sampling Error Estimation},
	Volume = {3518},
	Year = {2005},
	Bdsk-Url-1 = {http://dx.doi.org/10.1007/11430919_59}}

@incollection{HuY06,
	Affiliation = {Department of Computer and Information Technology, Hefei University of Technology, Hefei, 230009},
	Author = {Hu, Xuegang and Yu, Haitao},
	Booktitle = {Rough Sets and Knowl.~Tech.},
	Date-Added = {2011-08-08 10:42:21 -0400},
	Date-Modified = {2014-03-25 08:29:01 -0400},
	Doi = {10.1007/11795131_72},
	Editor = {Wang, Guo-Ying and Peters, James and Skowron, Andrzej and Yao, Yiyu},
	Pages = {496--501},
	Publisher = {Springer Berlin Heidelberg},
	Series = {Lecture Notes in Computer Science},
	Title = {The Research of Sampling for Mining Frequent Itemsets},
	Volume = {4062},
	Year = {2006},
	Bdsk-Url-1 = {http://dx.doi.org/10.1007/11795131_72}}

@inproceedings{ZhaoZZ06,
	Acmid = {1566582},
	Address = {Amsterdam, The Netherlands},
	Author = {Zhao, Yanchang and Zhang, Chengqi and Zhang, Shichao},
	Booktitle = {Proc.~2006 Conf.~Advances in Intelligent IT: Active Media Technology 2006},
	Date-Added = {2011-08-08 10:40:32 -0400},
	Date-Modified = {2014-03-25 08:38:27 -0400},
	Isbn = {1-58603-615-7},
	Numpages = {6},
	Pages = {112--117},
	Publisher = {IOS Press},
	Title = {Efficient Frequent Itemsets Mining by Sampling},
	Year = {2006},
	Bdsk-Url-1 = {http://portal.acm.org/citation.cfm?id=1566561.1566582}}

@article{XuMW08,
	Address = {Los Alamitos, CA, USA},
	Author = {Xu, Luofeng and Marsland, Stephen and Wang, Ruili},
	Date-Added = {2011-08-08 10:39:52 -0400},
	Date-Modified = {2014-03-25 08:36:01 -0400},
	Doi = {10.1109/CIT.2008.Workshops.91},
	Isbn = {978-0-7695-3242-4},
	Journal = {IEEE 8th Int.~Conf.~Computer and Information Technology,},
	Pages = {66--71},
	Publisher = {IEEE Computer Society},
	Title = {Exploring the Influence of Sampling on Pattern Support Distribution},
	Volume = {0},
	Year = {2008},
	Bdsk-Url-1 = {http://doi.ieeecomputersociety.org/10.1109/CIT.2008.Workshops.91}}

@article{DeypirS08,
	Author = {Deypir, M. and Sadreddini, M. H.},
	Date-Added = {2011-08-08 10:38:11 -0400},
	Date-Modified = {2014-03-25 08:26:54 -0400},
	Journal = {Iranian J. Electr. Comp. Eng.},
	Number = {1},
	Pages = {73--78},
	Title = {An Efficient Sampling Approach for Mining all Association Rules in Large Databases},
	Volume = {7},
	Year = {2008}}

@article{MahafzahABAZ09,
	Author = {Mahafzah, Basel A. and Al-Badarneh, Amer F. and Zakaria, Mohammed Z.},
	Date-Added = {2011-08-08 10:36:06 -0400},
	Date-Modified = {2014-03-25 08:30:58 -0400},
	Doi = {10.1177/0165551508100382},
	Journal = {J. Inf. Sci.},
	Number = {3},
	Pages = {358--376},
	Title = {A new sampling technique for association rule mining},
	Volume = {35},
	Year = {2009},
	Bdsk-Url-1 = {http://jis.sagepub.com/content/35/3/358.abstract},
	Bdsk-Url-2 = {http://dx.doi.org/10.1177/0165551508100382}}

@article{ChenHH11,
	Author = {Chen, Chyouhwa and Horng, Shi-Jinn and Huang, Chin-Pin},
	Date-Added = {2011-08-08 10:34:47 -0400},
	Date-Modified = {2014-03-25 08:24:19 -0400},
	Doi = {10.1016/j.eswa.2011.04.018},
	Issn = {0957-4174},
	Journal = {Expert Sys. with Appl.},
	Keywords = {Outlier removal},
	Number = {10},
	Pages = {12388--12397},
	Title = {Locality sensitive hashing for sampling-based algorithms in association rule mining},
	Url = {http://www.sciencedirect.com/science/article/pii/S0957417411005343},
	Volume = {38},
	Year = {2011},
	Bdsk-Url-1 = {http://www.sciencedirect.com/science/article/pii/S0957417411005343},
	Bdsk-Url-2 = {http://dx.doi.org/10.1016/j.eswa.2011.04.018}}

@inproceedings{ChakaravarthyPS09,
	Acmid = {1514927},
	Address = {New York, NY, USA},
	Author = {Chakaravarthy, Venkatesan T. and Pandit, Vinayaka and Sabharwal, Yogish},
	Booktitle = {Proc.~12th Int.~Conf.~Database Theory},
	Date-Added = {2011-08-08 10:32:41 -0400},
	Date-Modified = {2014-03-25 08:22:45 -0400},
	Doi = {10.1145/1514894.1514927},
	Isbn = {978-1-60558-423-2},
	Keywords = {association rule mining, frequent itemset mining, sampling},
	Location = {St. Petersburg, Russia},
	Numpages = {8},
	Pages = {276--283},
	Publisher = {ACM},
	Series = {ICDT '09},
	Title = {Analysis of sampling techniques for association rule mining},
	Year = {2009},
	Bdsk-Url-1 = {http://doi.acm.org/10.1145/1514894.1514927}}

@article{CharikarCF04,
	Author = {Charikar, Moses and Chen, Kevin and Farach-Colton, Martin},
	Bibsource = {DBLP, http://dblp.uni-trier.de},
	Date-Added = {2011-08-08 10:30:36 -0400},
	Date-Modified = {2014-03-25 08:24:00 -0400},
	Ee = {http://dx.doi.org/10.1016/S0304-3975(03)00400-6},
	Journal = {Theor. Comput. Sci.},
	Number = {1},
	Pages = {3--15},
	Title = {Finding frequent items in data streams},
	Volume = {312},
	Year = {2004}}

@inproceedings{ChenHS02,
	Acmid = {775114},
	Address = {New York, NY, USA},
	Author = {Chen, Bin and Haas, Peter and Scheuermann, Peter},
	Booktitle = {Proc.~8th ACM SIGKDD Int.~Conf.~Knowl.~Disc.~Data Mining},
	Date-Added = {2011-08-08 10:30:36 -0400},
	Date-Modified = {2014-03-25 08:24:35 -0400},
	Doi = {10.1145/775047.775114},
	Isbn = {1-58113-567-X},
	Location = {Edmonton, Alberta, Canada},
	Numpages = {7},
	Pages = {462--468},
	Publisher = {ACM},
	Series = {KDD '02},
	Title = {A new two-phase sampling based algorithm for discovering association rules},
	Year = {2002},
	Bdsk-Url-1 = {http://doi.acm.org/10.1145/775047.775114}}

@article{CohenGK08,
	Author = {Cohen, Edith and Grossaug, Nadav and Kaplan, Haim},
	Date-Added = {2011-08-08 10:30:36 -0400},
	Date-Modified = {2014-03-25 08:25:59 -0400},
	Doi = {10.1016/j.comnet.2008.04.021},
	Issn = {1389-1286},
	Journal = {Comp. Netw.},
	Keywords = {Estimation},
	Number = {14},
	Pages = {2605--2622},
	Title = {Processing top-k queries from samples},
	Volume = {52},
	Year = {2008},
	Bdsk-Url-1 = {http://www.sciencedirect.com/science/article/pii/S138912860800145X},
	Bdsk-Url-2 = {http://dx.doi.org/10.1016/j.comnet.2008.04.021}}

@inproceedings{JohnL96,
	Address = {Menlo Park, CA, USA},
	Author = {John, George H. and Langley, Pat},
	Bibsource = {DBLP, http://dblp.uni-trier.de},
	Booktitle = {Proc.~2nd Int.~Conf.~Knowl.~Disc.~Data Mining},
	Date-Added = {2011-08-08 10:30:36 -0400},
	Date-Modified = {2014-03-25 08:30:14 -0400},
	Pages = {367--370},
	Publisher = {The AAAI Press},
	Series = {KDD '96},
	Title = {Static Versus Dynamic Sampling for Data Mining},
	Year = {1996}}

@incollection{LiG04,
	Affiliation = {Department of Computing, Curtin University of Technology, Kent street, Bentley, Western Australia 6102},
	Author = {Li, Yanrong and Gopalan, Raj},
	Booktitle = {AI 2004: Advances in Artificial Intelligence},
	Date-Added = {2011-08-08 10:30:36 -0400},
	Date-Modified = {2014-03-25 08:30:35 -0400},
	Doi = {10.1007/978-3-540-30549-1_35},
	Editor = {Webb, Geoffrey and Yu, Xinghuo},
	Pages = {73--75},
	Publisher = {Springer Berlin Heidelberg},
	Series = {Lecture Notes in Computer Science},
	Title = {Effective Sampling for Mining Association Rules},
	Volume = {3339},
	Year = {2005},
	Bdsk-Url-1 = {http://dx.doi.org/10.1007/978-3-540-30549-1_35}}

@inproceedings{MankuM02,
	Acmid = {1287400},
	Author = {Manku, Gurmeet Singh and Motwani, Rajeev},
	Booktitle = {Proc.~28th Int.~Conf.~Very Large Data Bases},
	Date-Added = {2011-08-08 10:30:36 -0400},
	Date-Modified = {2014-03-25 08:31:15 -0400},
	Location = {Hong Kong, China},
	Numpages = {12},
	Pages = {346--357},
	Publisher = {VLDB Endowment},
	Series = {VLDB '02},
	Title = {Approximate frequency counts over data streams},
	Year = {2002},
	Bdsk-Url-1 = {http://portal.acm.org/citation.cfm?id=1287369.1287400}}

@incollection{MetwallyAA05,
	Affiliation = {Department of Computer Science, University of California, Santa Barbara},
	Author = {Metwally, Ahmed and Agrawal, Divyakant and El Abbadi, Amr},
	Booktitle = {Database Theory - ICDT 2005},
	Date-Added = {2011-08-08 10:30:36 -0400},
	Date-Modified = {2014-03-25 08:31:42 -0400},
	Doi = {10.1007/978-3-540-30570-5_27},
	Editor = {Eiter, Thomas and Libkin, Leonid},
	Pages = {398--412},
	Publisher = {Springer Berlin Heidelberg},
	Series = {Lecture Notes in Computer Science},
	Title = {Efficient Computation of Frequent and Top-k Elements in Data Streams},
	Volume = {3363},
	Year = {2005},
	Bdsk-Url-1 = {http://dx.doi.org/10.1007/978-3-540-30570-5_27}}

@inproceedings{Parthasarathy02,
	Author = {Parthasarathy, Srinivasan},
	Booktitle = {Proc.~2002 IEEE Int.~Conf.~Data Mining},
	Date-Added = {2011-08-08 10:30:36 -0400},
	Date-Modified = {2011-11-10 23:22:32 -0500},
	Doi = {10.1109/ICDM.2002.1183923},
	Keywords = {association rules; data mining; dataset; equivalence classes; progressive sampling; rule mining; data mining; equivalence classes; fractals;},
	Pages = {354--361},
	Publisher = {IEEE Computer Society},
	Series = {ICDM '02},
	Title = {Efficient progressive sampling for association rules},
	Year = {2002},
	Bdsk-Url-1 = {http://dx.doi.org/10.1109/ICDM.2002.1183923}}

@incollection{PietracaprinaV07,
	Affiliation = {Dipartimento di Ingegneria dell'Informazione, Universit{\`a} di Padova, Via Gradenigo 6/B, 35131, Padova Italy},
	Author = {Pietracaprina, Andrea and Vandin, Fabio},
	Booktitle = {Discovery Science},
	Date-Added = {2011-08-08 10:30:36 -0400},
	Date-Modified = {2014-03-25 08:32:15 -0400},
	Doi = {10.1007/978-3-540-75488-6_29},
	Editor = {Corruble, Vincent and Takeda, Masayuki and Suzuki, Einoshin},
	Pages = {275--280},
	Publisher = {Springer Berlin Heidelberg},
	Series = {Lecture Notes in Computer Science},
	Title = {Efficient Incremental Mining of Top-{K} Frequent Closed Itemsets},
	Volume = {4755},
	Year = {2007},
	Bdsk-Url-1 = {http://dx.doi.org/10.1007/978-3-540-75488-6_29}}

@article{WongF06,
	Affiliation = {The Chinese University of Hong Kong Department of Computer Science and Engineering Ho Sin-Hang Engineering Building Shatin N.T. Hong Kong P. R. China Ho Sin-Hang Engineering Building Shatin N.T. Hong Kong P. R. China},
	Author = {Wong, Raymond and Fu, Ada},
	Date-Added = {2011-08-08 10:30:36 -0400},
	Date-Modified = {2014-03-25 08:35:39 -0400},
	Issn = {1384-5810},
	Issue = {2},
	Journal = {Data Mining Knowl. Disc.},
	Keyword = {Computer Science},
	Note = {10.1007/s10618-006-0042-x},
	Pages = {193--217},
	Publisher = {Springer Netherlands},
	Title = {Mining top-{K} frequent itemsets from data streams},
	Volume = {13},
	Year = {2006},
	Bdsk-Url-1 = {http://dx.doi.org/10.1007/s10618-006-0042-x}}

@inproceedings{ZakiPLO97,
	Author = {Zaki, Mohammed J. and Parthasarathy, Srinivasan and Li, Wei and Ogihara, Mitsunori},
	Booktitle = {Proc.~7th Int.~Workshop on Research Issues in Data Eng.},
	Date-Added = {2011-08-08 10:30:36 -0400},
	Date-Modified = {2014-03-25 08:36:06 -0400},
	Doi = {10.1109/RIDE.1997.583696},
	Keywords = {I/O cost reduction;I/O overhead;accuracy;association rule discovery;confidence;data mining;data patterns;large databases;main memory;performance;random transaction sampling;sampling evaluation;business data processing;data analysis;data handling;statistical analysis;transaction processing;very large databases;},
	Month = apr,
	Pages = {42--50},
	Publisher = {IEEE Computer Society},
	Series = {RIDE '97},
	Title = {Evaluation of sampling for data mining of association rules},
	Year = {1997},
	Bdsk-Url-1 = {http://dx.doi.org/10.1109/RIDE.1997.583696}}

@proceedings{DBLP:conf/fimi/2003,
	Bibsource = {DBLP, http://dblp.uni-trier.de},
	Booktitle = {FIMI},
	Date-Added = {2012-12-17 07:36:04 +0100},
	Date-Modified = {2012-12-17 07:36:04 +0100},
	Editor = {Goethals, Bart and Zaki, Mohammed Javeed},
	Publisher = {CEUR-WS.org},
	Series = {CEUR Workshop Proc.},
	Title = {FIMI '03, Frequent Itemset Mining Implementations, Proc.~ICDM 2003 Workshop on Frequent Itemset Mining Implementations, 19 December 2003, Melbourne, Florida, USA},
	Volume = {90},
	Year = {2003}}

@proceedings{DBLP:conf/kdd/1999,
	Bibsource = {DBLP, http://dblp.uni-trier.de},
	Booktitle = {KDD},
	Date-Added = {2012-12-17 22:06:03 +0100},
	Date-Modified = {2014-03-25 08:26:13 -0400},
	Editor = {Fayyad, Usama M. and Chaudhuri, Surajit and Madigan, David},
	Isbn = {1-58113-143-7},
	Publisher = {ACM},
	Title = {Proc.~5th ACM SIGKDD Int.~Conf.~Knowl.~Disc.~Data Mining, San Diego, CA, USA, August 15-18, 1999},
	Year = {1999}}

@proceedings{DBLP:conf/sigmod/2000,
	Bibsource = {DBLP, http://dblp.uni-trier.de},
	Booktitle = {SIGMOD Conf.},
	Date-Added = {2013-03-03 19:43:10 -0500},
	Date-Modified = {2013-03-03 19:43:10 -0500},
	Editor = {Chen, Weidong and Naughton, Jeffrey F. and Bernstein, Philip A.},
	Isbn = {1-58113-218-2},
	Publisher = {ACM},
	Title = {Proc.~2000 ACM SIGMOD Int.~Conf.~Management of Data, May 16-18, 2000, Dallas, Texas, USA},
	Year = {2000}}
