%% This BibTeX bibliography file was created using BibDesk.
%% http://bibdesk.sourceforge.net/


%% Created for Matteo Riondato at 2014-03-15 15:45:57 -0400 


%% Saved with string encoding Unicode (UTF-8) 



@inproceedings{RiondatoV14,
	Author = {Riondato, Matteo and Vandin, Fabio},
	Booktitle = {Proc.~SIAM Int.~Data Mining Conf.},
	Date-Added = {2014-03-15 15:45:14 -0400},
	Date-Modified = {2014-03-15 15:45:55 -0400},
	Title = {Finding the True Frequent Itemsets},
	Year = {2014}}

@article{RiondatoU14,
	Author = {Riondato, Matteo and Upfal, Eli},
	Date-Added = {2014-03-15 15:40:10 -0400},
	Date-Modified = {2014-03-15 15:40:43 -0400},
	Journal = {ACM Trans. Knowl. Disc. from Data},
	Title = {Efficient Discovery of Association Rules and Frequent Itemsets through Sampling with Tight Performance Guarantees},
	Year = {2014}}

@inproceedings{RiondatoK14,
	Author = {Riondato, Matteo and Kornaropoulos, Evgenios M.},
	Bibsource = {DBLP, http://dblp.uni-trier.de},
	Booktitle = {WSDM},
	Crossref = {DBLP:conf/wsdm/2014},
	Date-Added = {2014-03-15 11:39:31 -0400},
	Date-Modified = {2014-03-15 11:39:42 -0400},
	Ee = {http://doi.acm.org/10.1145/2556195.2556224},
	Pages = {413-422},
	Title = {Fast approximation of betweenness centrality through sampling},
	Year = {2014}}

@proceedings{DBLP:conf/wsdm/2014,
	Bibsource = {DBLP, http://dblp.uni-trier.de},
	Booktitle = {WSDM},
	Date-Added = {2014-03-15 11:39:31 -0400},
	Date-Modified = {2014-03-15 11:39:31 -0400},
	Editor = {Carterette, Ben and Diaz, Fernando and Castillo, Carlos and Metzler, Donald},
	Ee = {http://dl.acm.org/citation.cfm?id=2556195},
	Isbn = {978-1-4503-2351-2},
	Publisher = {ACM},
	Title = {7th ACM Int.~Conf.~Web Search and Data Mining, WSDM 2014, New York, NY, USA, February 24-28, 2014},
	Year = {2014}}

@inproceedings{PietracaprinaPRSU12,
	Author = {Pietracaprina, Andrea and Pucci, Geppino and Riondato, Matteo and Silvestri, Francesco and Upfal, Eli},
	Bibsource = {DBLP, http://dblp.uni-trier.de},
	Booktitle = {Int.~Conf.~Supercomputing, ICS'12, Venice, Italy, June 25-29, 2012},
	Crossref = {DBLP:conf/ics/2012},
	Date-Added = {2013-01-08 17:07:44 +0100},
	Date-Modified = {2013-01-08 17:13:14 +0100},
	Ee = {http://doi.acm.org/10.1145/2304576.2304607},
	Pages = {235--244},
	Title = {Space-Round Tradeoffs for {MapReduce} Computationseduce computations},
	Year = {2012}}

@article{RiondatoV13,
	Author = {Riondato, Matteo and Vandin, Fabio},
	Date-Added = {2012-12-26 18:46:56 +0100},
	Date-Modified = {2014-03-15 11:40:06 -0400},
	Journal = {CoRR},
	Title = {Finding the True Frequent Itemsets},
	Volume = {abs/1301.1218},
	Year = {2013}}

@inproceedings{RiondatoU12,
	Address = {Berlin / Heidelberg},
	Author = {Riondato, Matteo and Upfal, Eli},
	Bibsource = {DBLP, http://dblp.uni-trier.de},
	Booktitle = {Mach.~Learn.~Knowl.~Disc.~Databases - European Conf., ECML PKDD 2012, Bristol, UK, September 24-28, 2012. Proc., Part I},
	Crossref = {DBLP:conf/pkdd/2012-1},
	Date-Added = {2012-11-17 12:32:28 -0500},
	Date-Modified = {2013-02-10 15:57:28 -0500},
	Ee = {http://dx.doi.org/10.1007/978-3-642-33460-3_7},
	Pages = {25-41},
	Title = {Efficient Discovery of Association Rules and Frequent Itemsets through Sampling with Tight Performance Guarantees},
	Year = {2012}}

@inproceedings{RiondatoDFU12,
	Address = {New York, NY, USA},
	Author = {Riondato, Matteo and DeBrabant, Justin A. and Fonseca, Rodrigo and Upfal, Eli},
	Bibsource = {DBLP, http://dblp.uni-trier.de},
	Booktitle = {CIKM '12: Proc.~21st ACM Int.~Conf.~Inform.~Knowl.~management},
	Crossref = {DBLP:conf/cikm/2012},
	Date-Added = {2012-11-17 12:21:36 -0500},
	Date-Modified = {2013-02-10 15:57:49 -0500},
	Ee = {http://doi.acm.org/10.1145/2396761.2396776},
	Pages = {85--94},
	Title = {{PARMA}: A Parallel Randomized Algorithm for Association Rules Mining in {MapReduce}},
	Year = {2012}}

@proceedings{DBLP:conf/cikm/2012,
	Bibsource = {DBLP, http://dblp.uni-trier.de},
	Booktitle = {CIKM '12: Proc.~21st ACM Int.~Conf.~Inform.~Knowl.~management},
	Date-Added = {2012-11-17 12:21:36 -0500},
	Date-Modified = {2012-12-12 12:21:55 -0500},
	Editor = {Chen, Xue-wen and Lebanon, Guy and Wang, Haixun and Zaki, Mohammed J.},
	Ee = {http://dl.acm.org/citation.cfm?id=2396761},
	Isbn = {978-1-4503-1156-4},
	Publisher = {ACM},
	Title = {21st ACM Int.~Conf.~Inform.~Knowl.~Management, CIKM'12, Maui, HI, USA, October 29 - November 02, 2012},
	Year = {2012}}

@article{PietracaprinaRUV10,
	Author = {Pietracaprina, Andrea and Riondato, Matteo and Upfal, Eli and Vandin, Fabio},
	Date-Modified = {2012-10-25 08:46:07 -0400},
	Ee = {http://dx.doi.org/10.1007/s10618-010-0185-7},
	Journal = {Data Mining Knowl.~Disc.},
	Number = {2},
	Pages = {310--326},
	Publisher = {Springer},
	Title = {Mining top-{\it K} frequent itemsets through progressive sampling},
	Volume = {21},
	Year = {2010}}

@inproceedings{AkdereCRUZ11,
	Author = {Akdere, Mert and \c{C}etintemel, U\u{g}ur and Riondato, Matteo and Upfal, Eli and Zdonik, Stanley B.},
	Booktitle = {CIDR 2011, 5th Biennial Conf.~Innovative Data Systems Research, Asilomar, CA, USA, January 9-12, 2011, Online Proc.},
	Crossref = {DBLP:conf/cidr/2011},
	Date-Modified = {2012-11-17 12:27:08 -0500},
	Ee = {http://www.cidrdb.org/cidr2011/Papers/CIDR11_Paper20.pdf},
	Pages = {167-174},
	Title = {The Case for Predictive Database Systems: Opportunities and Challenges},
	Year = {2011}}

@proceedings{DBLP:conf/cidr/2011,
	Booktitle = {CIDR},
	Publisher = {www.crdrdb.org},
	Title = {CIDR 2011, 5th Biennial Conf.~Innovative Data Systems Research, Asilomar, CA, USA, January 9-12, 2011, Online Proc.},
	Year = {2011}}

@inproceedings{RiondatoACZU11,
	Address = {Berlin / Heidelberg},
	Author = {Riondato, Matteo and Akdere, Mert and \c{C}etintemel, U\u{g}ur and Zdonik, Stanley B. and Upfal, Eli},
	Bibsource = {DBLP, http://dblp.uni-trier.de},
	Booktitle = {Mach.~Learn.~Knowl.~Disc.~Databases - European Conf., ECML PKDD 2011, Athens, Greece, September 5-9, 2011. Proc., Part II},
	Crossref = {DBLP:conf/pkdd/2011-2},
	Date-Modified = {2013-02-10 15:57:43 -0500},
	Ee = {http://dx.doi.org/10.1007/978-3-642-23783-6_42},
	Pages = {661-676},
	Title = {The {VC}-Dimension of {SQL} Queries and Selectivity Estimation through Sampling},
	Year = {2011}}

@proceedings{DBLP:conf/pkdd/2011-2,
	Bibsource = {DBLP, http://dblp.uni-trier.de},
	Booktitle = {ECML/PKDD (2)},
	Editor = {Gunopulos, Dimitrios and Hofmann, Thomas and Malerba, Donato and Vazirgiannis, Michalis},
	Ee = {http://dx.doi.org/10.1007/978-3-642-23783-6},
	Isbn = {978-3-642-23782-9},
	Publisher = {Springer},
	Series = {Lecture Notes in Computer Science},
	Title = {Mach.~Learn.~Knowl.~Disc.~Databases - European Conf., ECML PKDD 2011, Athens, Greece, September 5-9, 2011. Proc., Part II},
	Volume = {6912},
	Year = {2011}}

@article{RiondatoU12arxiv,
	Author = {Riondato, Matteo and Upfal, Eli},
	Bibsource = {DBLP, http://dblp.uni-trier.de},
	Date-Modified = {2012-12-21 07:45:01 +0100},
	Ee = {http://arxiv.org/abs/1111.6937},
	Journal = {CoRR},
	Title = {Efficient Discovery of Association Rules and Frequent Itemsets through Sampling with Tight Performance Guarantees},
	Volume = {abs/1111.6937},
	Year = {2011}}

@inproceedings{AkdereCRUZ12,
	Author = {Akdere, Mert and \c{C}etintemel, U\u{g}ur and Riondato, Matteo and Upfal, Eli and Zdonik, Stanley B.},
	Booktitle = {Proc.~28th Int.~Conf.~Data Eng., ICDE 2012, April 1-5, 2012, Washington, DC, USA},
	Date-Modified = {2012-11-17 12:23:22 -0500},
	Title = {Learning-based Query Performance Modeling and Prediction},
	Year = {2012}}

@incollection{Jails,
	Author = {Riondato, Matteo},
	Booktitle = {The FreeBSD Handbook},
	Date-Modified = {2012-11-17 12:23:28 -0500},
	Editor = {Project, The FreeBSD Documentation},
	Pages = {223--233},
	Publisher = {Addison Wesley},
	Title = {Jails},
	Year = 2005}

@proceedings{DBLP:conf/pkdd/2012-1,
	Bibsource = {DBLP, http://dblp.uni-trier.de},
	Date-Added = {2012-11-17 12:32:28 -0500},
	Date-Modified = {2012-11-17 12:49:06 -0500},
	Editor = {Flach, Peter A. and De Bie, Tijl and Cristianini, Nello},
	Ee = {http://dx.doi.org/10.1007/978-3-642-33460-3},
	Isbn = {978-3-642-33459-7},
	Publisher = {Springer},
	Series = {Lecture Notes in Computer Science},
	Title = {Mach.~Learn.~Knowl.~Disc.~Databases - European Conf., ECML PKDD 2012, Bristol, UK, September 24-28, 2012. Proc., Part I},
	Volume = {7523},
	Year = {2012}}

@proceedings{DBLP:conf/ics/2012,
	Bibsource = {DBLP, http://dblp.uni-trier.de},
	Booktitle = {ICS},
	Date-Added = {2013-01-08 17:07:44 +0100},
	Date-Modified = {2013-01-08 17:07:44 +0100},
	Editor = {Banerjee, Utpal and Gallivan, Kyle A. and Bilardi, Gianfranco and Katevenis, Manolis},
	Ee = {http://dl.acm.org/citation.cfm?id=2304576},
	Isbn = {978-1-4503-1316-2},
	Publisher = {ACM},
	Title = {Int.~Conf.~Supercomputing, ICS'12, Venice, Italy, June 25-29, 2012},
	Year = {2012}}
