%% This BibTeX bibliography file was created using BibDesk.
%% http://bibdesk.sourceforge.net/


%% Created for Matteo Riondato at 2014-03-25 08:59:08 -0400 


%% Saved with string encoding Unicode (UTF-8) 



@article{Erdos45,
	Author = {Erd\H{o}s, P{\'a}l},
	Date-Added = {2012-10-25 19:43:36 -0400},
	Date-Modified = {2012-10-25 20:46:02 -0400},
	Journal = {Bulletin of the American Mathematical Society},
	Number = {12},
	Pages = {898--902},
	Title = {On a Lemma of {L}ittlewood and {O}fford},
	Volume = {51},
	Year = {1945}}

@article{ErdosFK05,
	Author = {Erd\H{o}s, P{\'e}ter L. and F{\"u}redi, Zolt{\'a}n and Katona, Gyula O. H.},
	Date-Added = {2012-10-25 19:36:58 -0400},
	Date-Modified = {2014-03-25 08:59:08 -0400},
	Doi = {10.1137/S0895480104443588},
	Journal = {SIAM J. Discrete Math.},
	Number = {2},
	Pages = {489--500},
	Title = {Two-Part and k-Sperner Families: New Proofs Using Permutations},
	Volume = {19},
	Year = {2005},
	Bdsk-Url-1 = {http://epubs.siam.org/doi/abs/10.1137/S0895480104443588},
	Bdsk-Url-2 = {http://dx.doi.org/10.1137/S0895480104443588}}
