%% This BibTeX bibliography file was created using BibDesk.
%% http://bibdesk.sourceforge.net/


%% Created for Matteo Riondato at 2014-04-08 15:07:44 -0400 


%% Saved with string encoding Unicode (UTF-8) 



@inproceedings{LowCamRKP13,
	Author = {Low-Kam, C\'{e}cile and Ra\"{i}ssi, Chedy and Kaytoue, Mehdi and Pei, Jian and others},
	Booktitle = {IEEE Int. Conf. Data Mining},
	Date-Added = {2014-04-08 14:52:31 -0400},
	Date-Modified = {2014-04-08 14:53:51 -0400},
	Series = {ICDM '13},
	Title = {Mining Statistically Significant Sequential Patterns},
	Year = {2013}}

@book{han2006data,
	Author = {Han, Jiawei and Kamber, Micheline and Pei, Jian},
	Date-Added = {2013-04-21 12:52:48 -0400},
	Date-Modified = {2013-04-21 12:52:48 -0400},
	Publisher = {Morgan kaufmann},
	Title = {Data mining: concepts and techniques},
	Year = {2006}}

@article{han2007frequent,
	Author = {Han, Jiawei and Cheng, Hong and Xin, Dong and Yan, Xifeng},
	Date-Added = {2013-04-21 12:52:48 -0400},
	Date-Modified = {2014-03-25 09:05:46 -0400},
	Journal = {Data Mining Knowl.~Disc.},
	Number = {1},
	Pages = {55--86},
	Publisher = {Springer Berlin Heidelberg},
	Title = {Frequent pattern mining: current status and future directions},
	Volume = {15},
	Year = {2007}}

@inproceedings{Hanhijarvi11,
	Author = {Hanhij{\"a}rvi, Sami},
	Booktitle = {Discovery Science},
	Date-Added = {2012-10-15 11:54:40 -0400},
	Date-Modified = {2014-03-25 09:05:53 -0400},
	Doi = {10.1007/978-3-642-24477-3_12},
	Pages = {122--134},
	Publisher = {Springer Berlin Heidelberg},
	Series = {Lecture Notes in Computer Science},
	Title = {Multiple Hypothesis Testing in Pattern Discovery},
	Volume = {6926},
	Year = {2011},
	Bdsk-Url-1 = {http://www.springerlink.com/content/e38724062263r056/fulltext.pdf},
	Bdsk-Url-2 = {http://dx.doi.org/10.1007/978-3-642-24477-3_12}}

@inproceedings{LallichTP06,
	Author = {Lallich, St{\'e}phane and Teytaud, Olivier and Prudhomme, Elie},
	Booktitle = {Compstat 2006 - Proc.~in Computational Statistics},
	Date-Added = {2012-10-15 11:40:55 -0400},
	Date-Modified = {2012-10-15 11:42:03 -0400},
	Doi = {10.1007/978-3-7908-1709-6_25},
	Pages = {325--336},
	Title = {Statistical inference and data mining: false discoveries control},
	Year = {2006},
	Bdsk-Url-1 = {http://www.springerlink.com/content/v684017020800150/fulltext.pdf},
	Bdsk-Url-2 = {http://dx.doi.org/10.1007/978-3-7908-1709-6_25}}

@unpublished{TeytaudL01,
	Author = {Teytaud, Olivier and Lallich, Stephane},
	Date-Added = {2012-10-15 11:21:17 -0400},
	Date-Modified = {2012-11-05 18:15:20 -0500},
	Note = {Extended version of "Bornes unformes en extraction de r\`{e}gles d'association", proceedings of CAp 2001},
	Title = {Contribution of statistical learning to validation of association rules},
	Year = {2001}}

@article{Weiss08,
	Author = {Wei{\ss}, Christian H.},
	Date-Added = {2012-10-09 12:25:35 -0400},
	Date-Modified = {2012-10-09 12:27:22 -0400},
	Doi = {10.1007/s11222-007-9047-6},
	Journal = {Statistics and Computing},
	Number = {2},
	Pages = {185--194},
	Title = {Statistical mining of interesting association rules},
	Volume = {18},
	Year = {2008},
	Bdsk-Url-1 = {http://www.springerlink.com/content/u4758010p420382j/fulltext.pdf},
	Bdsk-Url-2 = {http://dx.doi.org/10.1007/s11222-007-9047-6}}

@inproceedings{LallichTP07,
	Author = {Lallich, Stephane and Teytaud, Olivier and Prudhomme, Elie},
	Booktitle = {Quality Measures in Data Mining},
	Date-Added = {2012-10-09 12:23:26 -0400},
	Date-Modified = {2012-10-15 12:53:51 -0400},
	Doi = {10.1007/978-3-540-44918-8_11},
	Pages = {251--275},
	Series = {Studies in Computational Intelligence},
	Title = {Association Rule Interestingness: Measure and Statistical Validation},
	Volume = {43},
	Year = {2007},
	Bdsk-Url-1 = {http://www.springerlink.com/content/rx71l86272p30v4x/fulltext.pdf},
	Bdsk-Url-2 = {http://dx.doi.org/10.1007/978-3-540-44918-8_11}}

@inproceedings{BlanchardGGB05,
	Author = {Blanchard, Julien and Guillet, Fabrice and Gras, R\'{e}gis and Briand, Henri},
	Booktitle = {Fifth IEEE Int.~Conf.~Data Mining},
	Date-Added = {2012-10-09 12:22:08 -0400},
	Date-Modified = {2014-03-25 09:00:40 -0400},
	Doi = {10.1109/ICDM.2005.149},
	Issn = {1550-4786},
	Keywords = {association rule discovery; association rule interestingness; directed information ratio; information-theoretic measures; rule interestingness measure; data mining; information theory;},
	Month = nov,
	Pages = {8 pp.},
	Series = {ICDM ' 05},
	Title = {Using information-theoretic measures to assess association rule interestingness},
	Year = {2005},
	Bdsk-Url-1 = {http://dx.doi.org/10.1109/ICDM.2005.149}}

@article{Bay:2001uq,
	Author = {Bay, Stephen D. and Pazzani, Michael J.},
	Date-Added = {2012-10-09 12:17:35 -0400},
	Date-Modified = {2014-03-25 09:00:21 -0400},
	Doi = {10.1023/A:1011429418057},
	Journal = {Data Mining Knowl. Disc.},
	Number = {3},
	Pages = {213--246},
	Title = {Detecting Group Differences: Mining Contrast Sets},
	Volume = {5},
	Year = {2001},
	Bdsk-Url-1 = {http://www.springerlink.com/content/g21nj7h73w930417/fulltext.pdf},
	Bdsk-Url-2 = {http://dx.doi.org/10.1023/A:1011429418057}}

@inproceedings{ZhangPT04,
	Acmid = {1014094},
	Address = {New York, NY, USA},
	Author = {Zhang, Hong and Padmanabhan, Balaji and Tuzhilin, Alexander},
	Booktitle = {Proc.~10th ACM SIGKDD Int.~Conf.~Knowl.~Disc.~Data Mining},
	Date-Added = {2012-10-09 12:13:43 -0400},
	Date-Modified = {2014-03-25 09:09:39 -0400},
	Doi = {10.1145/1014052.1014094},
	Isbn = {1-58113-888-1},
	Keywords = {market share rules, nonparametric methods, resampling, rule discovery, statistical quantitative rules},
	Location = {Seattle, WA, USA},
	Numpages = {10},
	Pages = {374--383},
	Publisher = {ACM},
	Series = {KDD '04},
	Title = {On the discovery of significant statistical quantitative rules},
	Year = {2004},
	Bdsk-Url-1 = {http://doi.acm.org/10.1145/1014052.1014094},
	Bdsk-Url-2 = {http://dx.doi.org/10.1145/1014052.1014094}}

@article{SilberschatzT96,
	Author = {Silberschatz, Abraham and Tuzhilin, Alexander},
	Date-Added = {2012-10-09 12:11:48 -0400},
	Date-Modified = {2014-03-25 09:08:13 -0400},
	Doi = {10.1109/69.553165},
	Issn = {1041-4347},
	Journal = {IEEE Trans.~Knowl.~Data Eng.},
	Keywords = {actionable measure;belief system;discovery process;interestingness measurement;knowledge discovery systems;objective measures;subjective measures;underlying data;unexpected measure;belief maintenance;deductive databases;knowledge acquisition;},
	Month = dec,
	Number = {6},
	Pages = {970--974},
	Title = {What makes patterns interesting in knowledge discovery systems},
	Volume = {8},
	Year = {1996},
	Bdsk-Url-1 = {http://dx.doi.org/10.1109/69.553165}}

@inproceedings{CaldersRB06,
	Author = {Calders, Toon and Rigotti, Christophe and Boulicaut, Jean-Fran{\c c}ois},
	Booktitle = {Constraint-Based Mining and Inductive Databases},
	Date-Added = {2012-10-09 11:53:53 -0400},
	Date-Modified = {2014-03-25 09:01:14 -0400},
	Doi = {10.1007/11615576_4},
	Pages = {64--80},
	Publisher = {Springer Berlin Heidelberg},
	Series = {Lecture Notes in Computer Science},
	Title = {A Survey on Condensed Representations for Frequent Sets},
	Volume = {3848},
	Year = {2006},
	Bdsk-Url-1 = {http://www.springerlink.com/content/m6964l6742409l85/fulltext.pdf},
	Bdsk-Url-2 = {http://dx.doi.org/10.1007/11615576_4}}

@article{JaroszewiczSS09,
	Author = {Jaroszewicz, Szymon and Scheffer, Tobias and Simovici, Dan A.},
	Date-Added = {2012-10-08 10:36:14 -0400},
	Date-Modified = {2014-03-25 09:06:24 -0400},
	Doi = {10.1007/s10618-008-0102-5},
	Journal = {Data Mining Knowl. Disc.},
	Number = {1},
	Pages = {56--100},
	Title = {Scalable pattern mining with Bayesian networks as background knowledge},
	Volume = {18},
	Year = {2009},
	Bdsk-Url-1 = {http://www.springerlink.com/content/904405m26g2j5611/export-citation/fulltext.pdf},
	Bdsk-Url-2 = {http://dx.doi.org/10.1007/s10618-008-0102-5}}

@article{SrikantA96,
	Acmid = {233311},
	Address = {New York, NY, USA},
	Author = {Srikant, Ramakrishnan and Agrawal, Rakesh},
	Date-Added = {2012-10-08 10:32:45 -0400},
	Date-Modified = {2014-03-25 09:08:34 -0400},
	Doi = {10.1145/235968.233311},
	Issn = {0163-5808},
	Issue_Date = {June 1996},
	Journal = {SIGMOD Rec.},
	Month = jun,
	Number = {2},
	Numpages = {12},
	Pages = {1--12},
	Publisher = {ACM},
	Title = {Mining quantitative association rules in large relational tables},
	Volume = {25},
	Year = {1996},
	Bdsk-Url-1 = {http://doi.acm.org/10.1145/235968.233311},
	Bdsk-Url-2 = {http://dx.doi.org/10.1145/235968.233311}}

@inproceedings{BoltonHA02,
	Author = {Bolton, Richard J. and Hand, David J. and Adams, Niall M.},
	Booktitle = {Pattern Detection and Discovery},
	Date-Added = {2012-10-07 15:00:06 -0400},
	Date-Modified = {2014-03-25 09:00:53 -0400},
	Doi = {10.1007/3-540-45728-3_4},
	Pages = {36--48},
	Publisher = {Springer Berlin Heidelberg},
	Series = {Lecture Notes in Computer Science},
	Title = {Determining Hit Rate in Pattern Search},
	Volume = {2447},
	Year = {2002},
	Bdsk-Url-1 = {http://www.springerlink.com/content/q0cytjrtu35j1fek/export-citation/fulltext.pdf},
	Bdsk-Url-2 = {http://dx.doi.org/10.1007/3-540-45728-3_4}}

@article{GengH06,
	Acmid = {1132963},
	Address = {New York, NY, USA},
	Articleno = {9},
	Author = {Geng, Liqiang and Hamilton, Howard J.},
	Date-Added = {2012-10-07 09:38:09 -0400},
	Date-Modified = {2014-03-25 09:04:27 -0400},
	Doi = {10.1145/1132960.1132963},
	Issn = {0360-0300},
	Issue_Date = {2006},
	Journal = {ACM Comput. Surv.},
	Keywords = {Knowledge discovery, association rules, classification rules, interest measures, interestingness measures, summaries},
	Month = sep,
	Number = {3},
	Publisher = {ACM},
	Title = {Interestingness measures for data mining: A survey},
	Volume = {38},
	Year = {2006},
	Bdsk-Url-1 = {http://doi.acm.org/10.1145/1132960.1132963},
	Bdsk-Url-2 = {http://dx.doi.org/10.1145/1132960.1132963}}

@inproceedings{TattiM11,
	Author = {Tatti, Nikolaj and Moerchen, Fabian},
	Booktitle = {11th IEEE Int.~Conf.~Data Mining},
	Date-Added = {2012-10-04 11:03:32 -0400},
	Date-Modified = {2014-03-25 09:09:07 -0400},
	Doi = {10.1109/ICDM.2011.69},
	Issn = {1550-4786},
	Keywords = {frequent pattern mining;noise model;null hypothesis;parameter free technique;pattern explosion;pattern reduction techniques;robust itemsets;subsampling;top-k approaches;data mining;},
	Month = dec,
	Pages = {705--714},
	Series = {ICDM '11},
	Title = {Finding Robust Itemsets under Subsampling},
	Year = {2011},
	Bdsk-Url-1 = {http://dx.doi.org/10.1109/ICDM.2011.69}}

@article{Hamalainen10,
	Author = {H{\"a}m{\"a}l{\"a}inen, Wilhelmiina},
	Date-Added = {2012-10-04 10:53:31 -0400},
	Date-Modified = {2014-03-25 09:05:15 -0400},
	Doi = {10.1007/s10115-009-0229-8},
	Journal = {Knowl. Inf. Sys.},
	Number = {3},
	Pages = {373--399},
	Title = {{StatApriori}: an efficient algorithm for searching statistically significant association rules},
	Volume = {23},
	Year = {2010},
	Bdsk-Url-1 = {http://www.springerlink.com/content/dn61376k882053k7/fulltext.pdf},
	Bdsk-Url-2 = {http://dx.doi.org/10.1007/s10115-009-0229-8}}

@inproceedings{LeBrasMLL10,
	Author = {Bras, Yannick Le and Meyer, Patrick and Lenca, Philippe and Lallich, St{\'e}phane},
	Booktitle = {Mach.~Learn.~Knowl.~Disc.~Databases},
	Date-Added = {2012-10-02 10:58:39 -0400},
	Date-Modified = {2012-10-04 11:15:17 -0400},
	Doi = {10.1007/978-3-642-15883-4_15},
	Pages = {227--242},
	Series = {Lecture Notes in Computer Science},
	Title = {A Robustness Measure of Association Rules},
	Volume = {6322},
	Year = {2010},
	Bdsk-Url-1 = {http://www.springerlink.com/content/p5v0vm85l3136n02/fulltext.pdf},
	Bdsk-Url-2 = {http://dx.doi.org/10.1007/978-3-642-15883-4_15}}

@article{Webb08,
	Author = {Webb, Geoffrey I.},
	Date-Added = {2012-10-02 10:57:06 -0400},
	Date-Modified = {2014-03-25 09:09:28 -0400},
	Doi = {10.1007/s10994-008-5046-x},
	Journal = {Mach. Learn.},
	Pages = {307--323},
	Title = {Layered critical values: a powerful direct-adjustment approach to discovering significant patterns},
	Volume = {71},
	Year = {2008},
	Bdsk-Url-1 = {http://www.springerlink.com/content/m206444517432xt0/fulltext.pdf},
	Bdsk-Url-2 = {http://dx.doi.org/10.1007/s10994-008-5046-x}}

@article{Webb07,
	Author = {Webb, Geoffrey I.},
	Date-Added = {2012-10-02 10:56:01 -0400},
	Date-Modified = {2014-03-25 09:09:19 -0400},
	Doi = {10.1007/s10994-007-5006-x},
	Journal = {Mach. Learn.},
	Number = {1},
	Pages = {1--33},
	Title = {Discovering Significant Patterns},
	Volume = {68},
	Year = {2007},
	Bdsk-Url-1 = {http://www.springerlink.com/content/4r35537x6vxg0523/fulltext.pdf},
	Bdsk-Url-2 = {http://dx.doi.org/10.1007/s10994-007-5006-x}}

@article{ShaharaneeHS11,
	Author = {Shaharanee, Izwan Nizal Mohd. and Hadzic, Fedja and Dillon, Tharam S.},
	Date-Added = {2012-10-02 10:48:29 -0400},
	Date-Modified = {2014-03-25 09:07:56 -0400},
	Doi = {10.1016/j.knosys.2010.11.005},
	Issn = {0950-7051},
	Journal = {Knowledge-Based Systems},
	Keywords = {Interestingness measure},
	Number = {3},
	Pages = {386--392},
	Title = {Interestingness measures for association rules based on statistical validity},
	Volume = {24},
	Year = {2011},
	Bdsk-Url-1 = {http://www.sciencedirect.com/science/article/pii/S0950705110001711},
	Bdsk-Url-2 = {http://dx.doi.org/10.1016/j.knosys.2010.11.005}}

@inproceedings{ShaharaneeHD09,
	Author = {Shaharanee, Izwan Nizal Mohd and Hadzic, Fedja and Dillon, Tharam S.},
	Booktitle = {AI 2009: Advances in Artificial Intelligence},
	Date-Added = {2012-10-02 10:47:07 -0400},
	Date-Modified = {2012-10-04 11:15:58 -0400},
	Doi = {10.1007/978-3-642-10439-8_43},
	Pages = {422--431},
	Series = {Lecture Notes in Computer Science},
	Title = {Interestingness of Association Rules Using Symmetrical Tau and Logistic Regression},
	Volume = {5866},
	Year = {2009},
	Bdsk-Url-1 = {http://www.springerlink.com/content/h588764840701127/fulltext.pdf},
	Bdsk-Url-2 = {http://dx.doi.org/10.1007/978-3-642-10439-8_43}}

@article{NovakLW09,
	Acmid = {1577083},
	Author = {Novak, Petra Kralj and Lavra\v{c}, Nada and Webb, Geoffrey I.},
	Date-Added = {2012-10-02 10:45:02 -0400},
	Date-Modified = {2014-03-25 09:07:41 -0400},
	Issn = {1532-4435},
	Issue_Date = {12/1/2009},
	Journal = {J. Mach. Learn. Res.},
	Month = jun,
	Numpages = {27},
	Pages = {377--403},
	Publisher = {JMLR.org},
	Title = {Supervised Descriptive Rule Discovery: A Unifying Survey of Contrast Set, Emerging Pattern and Subgroup Mining},
	Volume = {10},
	Year = {2009},
	Bdsk-Url-1 = {http://dl.acm.org/citation.cfm?id=1577069.1577083}}

@inproceedings{MegiddoS98,
	Address = {New York, NY, USA},
	Author = {Megiddo, Nimrod and Srikant, Ramakrishnan},
	Bibsource = {DBLP, http://dblp.uni-trier.de},
	Booktitle = {Proc.~4th Int.~Conf.~Knowl.~Disc.~Data Mining},
	Date-Added = {2012-10-02 10:41:36 -0400},
	Date-Modified = {2012-12-31 10:19:20 +0100},
	Editor = {Agrawal, Rakesh and Stolorz, Paul E. and Piatetsky-Shapiro, Gregory},
	Pages = {274--278},
	Publisher = {AAAI Press},
	Series = {KDD '98},
	Title = {Discovering Predictive Association Rules},
	Year = {1998}}

@inproceedings{LiuZW12,
	Acmid = {2339543},
	Address = {New York, NY, USA},
	Author = {Liu, Guimei and Zhang, Haojun and Wong, Limsoon},
	Booktitle = {Proc.~18th ACM SIGKDD Int.~Conf.~Knowl.~Disc.~Data ~mining},
	Date-Added = {2012-10-02 10:36:33 -0400},
	Date-Modified = {2014-03-25 09:07:20 -0400},
	Doi = {10.1145/2339530.2339543},
	Isbn = {978-1-4503-1462-6},
	Keywords = {frequent pattern summarization, representative patterns},
	Location = {Beijing, China},
	Numpages = {9},
	Pages = {51--59},
	Publisher = {ACM},
	Series = {KDD '12},
	Title = {Finding minimum representative pattern sets},
	Year = {2012},
	Bdsk-Url-1 = {http://doi.acm.org/10.1145/2339530.2339543},
	Bdsk-Url-2 = {http://dx.doi.org/10.1145/2339530.2339543}}

@article{LiuZW11,
	Acmid = {2078330},
	Author = {Liu, Guimei and Zhang, Haojun and Wong, Limsoon},
	Date-Added = {2012-10-02 10:35:59 -0400},
	Date-Modified = {2014-03-25 09:07:11 -0400},
	Issn = {2150-8097},
	Issue_Date = {October 2011},
	Journal = {Proc.~VLDB Endow.},
	Keywords = {association rule mining, multiple testing correction, statistical hypothesis testing},
	Month = oct,
	Number = {2},
	Numpages = {12},
	Pages = {145--156},
	Publisher = {VLDB Endowment},
	Title = {Controlling false positives in association rule mining},
	Volume = {5},
	Year = {2011},
	Bdsk-Url-1 = {http://dl.acm.org/citation.cfm?id=2078324.2078330}}

@inproceedings{KirschMAPUV09,
	Acmid = {1559814},
	Address = {New York, NY, USA},
	Author = {Kirsch, Adam and Mitzenmacher, Michael and Pietracaprina, Andrea and Pucci, Geppino and Upfal, Eli and Vandin, Fabio},
	Booktitle = {Proc.~28th ACM SIGMOD-SIGACT-SIGART Symp.~Principles of Database Systems},
	Date-Added = {2012-10-02 10:24:45 -0400},
	Date-Modified = {2014-03-25 09:06:32 -0400},
	Doi = {10.1145/1559795.1559814},
	Isbn = {978-1-60558-553-6},
	Keywords = {false discovery rate, frequent itemset mining, multi-hypothesis test, poisson approximation, statistical significance},
	Location = {Providence, Rhode Island, USA},
	Numpages = {10},
	Pages = {117--126},
	Publisher = {ACM},
	Series = {PODS '09},
	Title = {An efficient rigorous approach for identifying statistically significant frequent itemsets},
	Year = {2009},
	Bdsk-Url-1 = {http://doi.acm.org/10.1145/1559795.1559814},
	Bdsk-Url-2 = {http://dx.doi.org/10.1145/1559795.1559814}}

@article{KirschMAPUV12,
	Acmid = {2220359},
	Address = {New York, NY, USA},
	Articleno = {12},
	Author = {Kirsch, Adam and Mitzenmacher, Michael and Pietracaprina, Andrea and Pucci, Geppino and Upfal, Eli and Vandin, Fabio},
	Date-Added = {2012-10-02 10:24:34 -0400},
	Date-Modified = {2014-03-25 09:06:45 -0400},
	Doi = {10.1145/2220357.2220359},
	Issn = {0004-5411},
	Issue_Date = {June 2012},
	Journal = {J. ACM},
	Keywords = {Frequent itemset mining, Poisson approximation, false discovery rate, multi-hypothesis test, statistical significance},
	Month = jun,
	Number = {3},
	Numpages = {22},
	Pages = {12:1--12:22},
	Publisher = {ACM},
	Title = {An Efficient Rigorous Approach for Identifying Statistically Significant Frequent Itemsets},
	Volume = {59},
	Year = {2012},
	Bdsk-Url-1 = {http://doi.acm.org/10.1145/2220357.2220359},
	Bdsk-Url-2 = {http://dx.doi.org/10.1145/2220357.2220359}}

@article{JacquemontFS09,
	Author = {Jacquemont, St\'{e}phanie and Jacquenet, Fran{\c c}ois and Sebban, Marc},
	Date-Added = {2012-10-02 10:24:11 -0400},
	Date-Modified = {2014-03-25 09:06:15 -0400},
	Doi = {10.1016/j.patrec.2009.05.002},
	Issn = {0167-8655},
	Journal = {Pattern Recognition Letters},
	Keywords = {Lower bound},
	Number = {11},
	Pages = {960--967},
	Title = {A lower bound on the sample size needed to perform a significant frequent pattern mining task},
	Volume = {30},
	Year = {2009},
	Bdsk-Url-1 = {http://www.sciencedirect.com/science/article/pii/S0167865509000968},
	Bdsk-Url-2 = {http://dx.doi.org/10.1016/j.patrec.2009.05.002}}

@inproceedings{HanhijarviMOPTV09,
	Acmid = {1557065},
	Address = {New York, NY, USA},
	Author = {Hanhij\"{a}rvi, Sami and Ojala, Markus and Vuokko, Niko and Puolam\"{a}ki, Kai and Tatti, Nikolaj and Mannila, Heikki},
	Booktitle = {Proc.~15th ACM SIGKDD Int.~Conf.~Knowl.~Disc.~Data Mining},
	Date-Added = {2012-10-02 10:21:49 -0400},
	Date-Modified = {2014-03-25 09:06:00 -0400},
	Doi = {10.1145/1557019.1557065},
	Isbn = {978-1-60558-495-9},
	Keywords = {inverse frequent set mining, matrix randomization, statistical significance},
	Location = {Paris, France},
	Numpages = {10},
	Pages = {379--388},
	Publisher = {ACM},
	Series = {KDD '09},
	Title = {Tell me something {I} don't know: randomization strategies for iterative data mining},
	Year = {2009},
	Bdsk-Url-1 = {http://doi.acm.org/10.1145/1557019.1557065},
	Bdsk-Url-2 = {http://dx.doi.org/10.1145/1557019.1557065}}

@inproceedings{HamalainenN08,
	Author = {H{\"a}m{\"a}l{\"a}inen, Wilhelmiina and Nykanen, Matti},
	Booktitle = {Eighth IEEE Int.~Conf.~on Data Mining},
	Date-Added = {2012-10-02 10:21:13 -0400},
	Date-Modified = {2014-03-25 09:05:34 -0400},
	Doi = {10.1109/ICDM.2008.144},
	Issn = {1550-4786},
	Keywords = {StatApriori algorithm;efficient statistically significant association rule discovery;nonredundant association rules;statistically significant association rule searching;data mining;},
	Month = dec,
	Pages = {203--212},
	Series = {ICDM '08},
	Title = {Efficient Discovery of Statistically Significant Association Rules},
	Year = {2008},
	Bdsk-Url-1 = {http://dx.doi.org/10.1109/ICDM.2008.144}}

@article{GionisMMT07,
	Acmid = {1297338},
	Address = {New York, NY, USA},
	Articleno = {14},
	Author = {Gionis, Aristides and Mannila, Heikki and Mielik\"{a}inen, Taneli and Tsaparas, Panayiotis},
	Date-Added = {2012-10-02 10:16:17 -0400},
	Date-Modified = {2014-03-25 09:04:55 -0400},
	Doi = {10.1145/1297332.1297338},
	Issn = {1556-4681},
	Issue_Date = {December 2007},
	Journal = {ACM Trans.~Knowl.~Disc.~from Data},
	Keywords = {0--1 data, Significance testing, randomization tests, swaps},
	Month = dec,
	Number = {3},
	Publisher = {ACM},
	Title = {Assessing data mining results via swap randomization},
	Volume = {1},
	Year = {2007},
	Bdsk-Url-1 = {http://doi.acm.org/10.1145/1297332.1297338},
	Bdsk-Url-2 = {http://dx.doi.org/10.1145/1297332.1297338}}

@inproceedings{DuMouchelP01,
	Acmid = {502526},
	Address = {New York, NY, USA},
	Author = {DuMouchel, William and Pregibon, Daryl},
	Booktitle = {Proc.~7th ACM SIGKDD Int.~Conf.~Knowl.~Disc.~Data Mining},
	Date-Added = {2012-10-02 10:16:03 -0400},
	Date-Modified = {2014-03-25 09:04:10 -0400},
	Doi = {10.1145/502512.502526},
	Isbn = {1-58113-391-X},
	Keywords = {Association rules, Data Mining, Knowledge Discovery, Statistical Models, empirical Bayes methods, gamma-Poisson model, market basket problem, shrinkage estimation},
	Location = {San Francisco, California},
	Numpages = {10},
	Pages = {67--76},
	Publisher = {ACM},
	Series = {KDD '01},
	Title = {Empirical {B}ayes screening for multi-item associations},
	Year = {2001},
	Bdsk-Url-1 = {http://doi.acm.org/10.1145/502512.502526},
	Bdsk-Url-2 = {http://dx.doi.org/10.1145/502512.502526}}

@inproceedings{DuivesteijnK11,
	Author = {Duivesteijn, Wouter and Knobbe, Arno},
	Booktitle = {11th IEEE Int.~Conf.~Data Mining},
	Date-Added = {2012-10-02 10:15:33 -0400},
	Date-Modified = {2014-03-25 09:03:59 -0400},
	Doi = {10.1109/ICDM.2011.65},
	Issn = {1550-4786},
	Keywords = {false discoveries;quality measures;statistical model;statistical pattern validation;subgroup discovery;data mining;statistical analysis;},
	Month = dec,
	Pages = {151--160},
	Series = {ICDM '11},
	Title = {Exploiting False Discoveries -- Statistical Validation of Patterns and Quality Measures in Subgroup Discovery},
	Year = {2011},
	Bdsk-Url-1 = {http://dx.doi.org/10.1109/ICDM.2011.65}}

@inproceedings{DeBie11,
	Acmid = {2020497},
	Address = {New York, NY, USA},
	Author = {De Bie, Tijl},
	Booktitle = {Proc.~17th ACM SIGKDD Int.~Conf.~Knowl.~Disc.~Data Mining},
	Date-Added = {2012-10-02 10:14:29 -0400},
	Date-Modified = {2014-03-25 09:03:25 -0400},
	Doi = {10.1145/2020408.2020497},
	Isbn = {978-1-4503-0813-7},
	Keywords = {data mining framework, maxent, subjective interestingness},
	Location = {San Diego, California, USA},
	Numpages = {9},
	Pages = {564--572},
	Publisher = {ACM},
	Series = {KDD '11},
	Title = {An information theoretic framework for data mining},
	Year = {2011},
	Bdsk-Url-1 = {http://doi.acm.org/10.1145/2020408.2020497},
	Bdsk-Url-2 = {http://dx.doi.org/10.1145/2020408.2020497}}

@article{BrinMS97,
	Acmid = {253327},
	Address = {New York, NY, USA},
	Author = {Brin, Sergey and Motwani, Rajeev and Silverstein, Craig},
	Date-Added = {2012-10-02 10:13:36 -0400},
	Date-Modified = {2014-03-25 09:01:03 -0400},
	Doi = {10.1145/253262.253327},
	Issn = {0163-5808},
	Issue_Date = {June 1997},
	Journal = {SIGMOD Rec.},
	Month = jun,
	Number = {2},
	Numpages = {12},
	Pages = {265--276},
	Publisher = {ACM},
	Title = {Beyond market baskets: generalizing association rules to correlations},
	Volume = {26},
	Year = {1997},
	Bdsk-Url-1 = {http://doi.acm.org/10.1145/253262.253327},
	Bdsk-Url-2 = {http://dx.doi.org/10.1145/253262.253327}}

@article{SilversteinBM98,
	Acmid = {593459},
	Address = {Hingham, MA, USA},
	Author = {Silverstein, Craig and Brin, Sergey and Motwani, Rajeev},
	Date-Added = {2012-10-02 10:13:29 -0400},
	Date-Modified = {2014-03-25 09:08:26 -0400},
	Doi = {10.1023/A:1009713703947},
	Issn = {1384-5810},
	Issue_Date = {January 1998},
	Journal = {Data Mining Knowl.~Disc.},
	Keywords = {association rules</kwd>, closure properties</kwd>, data mining</kwd>, dependence rules</kwd>, market basket</kwd>, text mining</kwd>},
	Month = jan,
	Number = {1},
	Numpages = {30},
	Pages = {39--68},
	Publisher = {Kluwer Academic Publishers},
	Title = {Beyond Market Baskets: Generalizing Association Rules to Dependence Rules},
	Volume = {2},
	Year = {1998},
	Bdsk-Url-1 = {http://dx.doi.org/10.1023/A:1009713703947}}
