%% This BibTeX bibliography file was created using BibDesk.
%% http://bibdesk.sourceforge.net/


%% Created for Matteo Riondato at 2015-05-13 11:51:53 -0400 


%% Saved with string encoding Unicode (UTF-8) 



@unpublished{SridharanTR,
	Author = {Karthik Sridharan},
	Date-Added = {2015-03-31 17:49:22 +0000},
	Date-Modified = {2015-05-13 15:51:52 +0000},
	Note = {Available from \url{http://www.cs.cornell.edu/%7esridharan/dudley.pdf}},
	Title = {Note on Refined {D}udley Integral Covering Number Bound}}

@incollection{Dudley84,
	Author = {Dudley, Richard M.},
	Booktitle = {Ecole d'{\'e}t{\'e} de Probabilit{\'e}s de Saint-Flour XII-1982},
	Date-Added = {2015-03-31 17:46:52 +0000},
	Date-Modified = {2015-03-31 17:47:53 +0000},
	Publisher = {Springer},
	Series = {Lecture Notes in Mathematics},
	Title = {A course on empirical processes},
	Volume = {1097},
	Year = {1984}}

@incollection{Lugosi02,
	Author = {Lugosi, G\'{a}bor},
	Booktitle = {Principles of Nonparametric Learning},
	Date-Added = {2015-03-31 17:42:41 +0000},
	Date-Modified = {2015-03-31 17:43:05 +0000},
	Doi = {10.1007/978-3-7091-2568-7_1},
	Editor = {Gy{\"o}rfi, L{\'a}szl{\'o}},
	Isbn = {978-3-211-83688-0},
	Language = {English},
	Pages = {1--56},
	Publisher = {Springer Vienna},
	Series = {International Centre for Mechanical Sciences},
	Title = {Pattern Classification and Learning Theory},
	Volume = {434},
	Year = {2002},
	Bdsk-Url-1 = {http://dx.doi.org/10.1007/978-3-7091-2568-7_1}}

@incollection{BoucheronLB04,
	Author = {Boucheron, St{\'e}phane and Lugosi, G{\'a}bor and Bousquet, Olivier},
	Booktitle = {Advanced Lectures on Machine Learning},
	Date-Added = {2015-03-24 14:32:11 +0000},
	Date-Modified = {2015-03-24 14:33:24 +0000},
	Editor = {Bousquet, Olivier and von Luxburg, Ulrike and R{\"a}tsch, Gunnar},
	Pages = {208--240},
	Publisher = {Springer Berlin Heidelberg},
	Series = {Lecture Notes in Computer Science},
	Title = {Concentration Inequalities},
	Url = {http://dx.doi.org/10.1007/978-3-540-28650-9_9},
	Volume = {3176},
	Year = {2004},
	Bdsk-Url-1 = {http://dx.doi.org/10.1007/978-3-540-28650-9_9}}

@book{ShalevSBD14,
	Author = {Shalev-Shwartz, Shai and Ben-David, Shai},
	Date-Added = {2014-06-17 10:12:13 -0400},
	Date-Modified = {2014-06-17 10:13:28 -0400},
	Publisher = {Cambridge University Press},
	Title = {Understanding Machine Learning: From Theory to Algorithms},
	Year = {2014}}

@book{KearnsV94,
	Author = {Kearns, Michael J. and Vazirani, Umesh Virkumar},
	Date-Added = {2014-03-26 08:45:51 -0400},
	Date-Modified = {2014-03-26 08:46:09 -0400},
	Publisher = {MIT press},
	Title = {An introduction to computational learning theory},
	Year = {1994}}

@unpublished{Haussler95,
	Author = {Haussler, David},
	Date-Added = {2014-03-24 17:45:24 -0400},
	Date-Modified = {2015-05-13 15:51:21 +0000},
	Note = {Available from \url{http://www.cs.iastate.edu/%7Ehonavar/pac.pdf}},
	Title = {Part 1: Overview of the {P}robably {A}pproximately {C}orrect ({PAC}) Learning Framework},
	Year = {1995}}

@article{Schaefer99,
	Author = {Sch{\"a}fer, Marcus},
	Bibsource = {DBLP, http://dblp.uni-trier.de},
	Date-Modified = {2014-03-25 09:38:37 -0400},
	Doi = {10.1006/jcss.1998.1602},
	Journal = {J. Comput. Syst. Sci.},
	Number = {1},
	Pages = {177--182},
	Title = {Deciding the {V}apnik-{{\v C}}ervonenkis Dimension is {$\Sigma^{\mathrm{p}}_3$}-Complete},
	Volume = {58},
	Year = {1999},
	Bdsk-Url-1 = {http://dx.doi.org/10.1006/jcss.1998.1602}}

@article{Catoni04,
	Author = {Catoni, Olivier},
	Journal = {arXiv preprint},
	Title = {Improved {V}apnik {C}ervonenkis Bounds},
	Volume = {math/0410280},
	Year = {2004}}

@article{VanHandel13,
	Author = {van Handel, Ramon},
	Journal = {Probability Theory and Related Fields},
	Number = {3-4},
	Pages = {911--934},
	Publisher = {Springer},
	Title = {The universal {G}livenko-{C}antelli property},
	Volume = {155},
	Year = {2013}}

@inbook{AdamsN13,
	Address = {Beachwood, Ohio, USA},
	Author = {Adams, Terrence M. and Nobel, Andrew B.},
	Booktitle = {From Probability to Statistics and Back: High-Dimensional Models and Processes -- A Festschrift in Honor of Jon A. Wellner},
	Crossref = {BanerjeeBHKM13},
	Doi = {10.1214/12-IMSCOLL901},
	Pages = {1--4},
	Publisher = {Institute of Mathematical Statistics},
	Series = {Collections},
	Title = {A counterexample concerning the extension of uniform strong laws to ergodic processes},
	Volume = {9},
	Year = {2013},
	Bdsk-Url-1 = {http://dx.doi.org/10.1214/12-IMSCOLL901}}

@book{BanerjeeBHKM13,
	Author = {Banerjee, Moulinath and Bunea, Florentina and Huang, J. and Koltchinskii, Vladimir and Maathuis, Marloes H.},
	Publisher = {Institute of Mathematical Statistics},
	Series = {Collections},
	Title = {From Probability to Statistics and Back: High-Dimensional Models and Processes -- A Festschrift in Honor of Jon A. Wellner},
	Volume = {9},
	Year = {2013}}

@article{AdamsN12,
	Author = {Adams, Terrence M. and Nobel, Andrew B.},
	Date-Modified = {2014-03-25 09:32:50 -0400},
	Doi = {10.3150/11-BEJ379},
	Journal = {Bernoulli},
	Month = nov,
	Number = {4},
	Pages = {1310--1319},
	Publisher = {Bernoulli Society for Mathematical Statistics and Probability},
	Title = {Uniform approximation of {V}apnik-{C}hervonenkis classes},
	Url = {http://dx.doi.org/10.3150/11-BEJ379},
	Volume = {18},
	Year = {2012},
	Bdsk-Url-1 = {http://dx.doi.org/10.3150/11-BEJ379}}

@article{AdamsN11,
	Author = {Adams, Terrence M. and Nobel, Andrew B.},
	Date-Modified = {2014-03-25 09:32:54 -0400},
	Doi = {10.1214/09-AOP511},
	Journal = {The Annals of Probability},
	Month = jul,
	Number = {4},
	Pages = {1345--1367},
	Publisher = {The Institute of Mathematical Statistics},
	Title = {Uniform convergence of {V}apnik--{C}hervonenkis classes under ergodic sampling},
	Volume = {38},
	Year = {2010},
	Bdsk-Url-1 = {http://dx.doi.org/10.1214/09-AOP511}}

@article{PapadimitriouY96,
	Author = {Papadimitriou, Christos H. and Yannakakis, Mihalis},
	Date-Modified = {2014-03-26 08:38:41 -0400},
	Doi = {10.1006/jcss.1996.0058},
	Journal = {J. Comput. Syst. Sci.},
	Number = {2},
	Pages = {161--170},
	Title = {On Limited Nondeterminism and the Complexity of the {V-C} Dimension},
	Volume = {53},
	Year = {1996},
	Bdsk-Url-1 = {http://www.sciencedirect.com/science/article/pii/S0022000096900586},
	Bdsk-Url-2 = {http://dx.doi.org/10.1006/jcss.1996.0058}}

@article{McDonaldSS11,
	Author = {McDonald, Daniel J. and Shalizi, Cosha Rohilla and Schervish, Mark},
	Date-Added = {2014-03-14 10:22:01 -0400},
	Date-Modified = {2014-03-14 10:25:01 -0400},
	Journal = {CoRR},
	Month = nov,
	Title = {Estimated {VC} Dimension for risk bounds},
	Volume = {abs/1111.3404},
	Year = {2011}}

@article{ShaoCL00,
	Author = {Shao, Xuhui and Cherkassky, Vladimir and Li, William},
	Date-Added = {2014-03-14 10:20:22 -0400},
	Date-Modified = {2014-03-14 10:21:45 -0400},
	Journal = {Neural Computation},
	Number = {8},
	Pages = {1969--1986},
	Title = {Measuring the {VC}-Dimension using optimized experimental design},
	Volume = {12},
	Year = {2000}}

@article{VapnikLLC94,
	Author = {Vapnik, Vladimir N. and Levin, Esther and Le Cun, Yan},
	Date-Added = {2014-03-14 10:18:19 -0400},
	Date-Modified = {2014-03-14 10:20:05 -0400},
	Journal = {Neural Computation},
	Pages = {851--876},
	Title = {Measuring the {VC}-Dimension of a learning machine},
	Volume = {6},
	Year = {1994}}

@book{HastieTF09,
	Author = {Hastie, Trevor and Tibshirani, Robert and Friedman, Jeroem},
	Date-Added = {2014-03-14 10:16:23 -0400},
	Date-Modified = {2014-03-14 10:17:36 -0400},
	Publisher = {Springer-Verlag},
	Title = {The Elements of Statistical Learning: Data Mining, Inference and Prediction},
	Year = {2009}}

@book{LehmannC98,
	Author = {Lehmann, Erich L. and Casella, George},
	Date-Added = {2014-03-14 10:15:57 -0400},
	Date-Modified = {2014-03-14 10:15:57 -0400},
	Publisher = {Springer-Verlag New York, Inc.},
	Title = {Theory of Point Estimation},
	Year = {1998}}

@book{MohriRT12,
	Author = {Mohri, Mehryar and Rostamizadeh, Afshin and Talwalkar, Ameet},
	Date-Added = {2013-10-16 15:52:50 -0400},
	Date-Modified = {2013-10-16 16:22:04 -0400},
	Publisher = {The MIT Press},
	Title = {Foundations of machine learning},
	Year = {2012}}

@inproceedings{ElomaaK02,
	Author = {Elomaa, Tapio and K{\"a}{\"a}ri{\"a}inen, Matti},
	Bibsource = {DBLP, http://dblp.uni-trier.de},
	Booktitle = {AAAI/IAAI},
	Crossref = {DBLP:conf/aaai/2002},
	Date-Added = {2013-03-05 09:51:01 -0500},
	Date-Modified = {2014-03-25 09:35:04 -0400},
	Pages = {140--145},
	Title = {Progressive {R}ademacher Sampling},
	Year = {2002}}

@proceedings{DBLP:conf/aaai/2002,
	Bibsource = {DBLP, http://dblp.uni-trier.de},
	Booktitle = {AAAI},
	Date-Added = {2013-03-05 09:51:01 -0500},
	Date-Modified = {2013-03-05 09:51:01 -0500},
	Editor = {Dechter, Rina and Sutton, Richard S.},
	Ee = {http://www.aaai.org/Conferences/AAAI/aaai02.php},
	Publisher = {AAAI Press / The MIT Press},
	Title = {Proc. 18th Nat.~Conf. on Artificial Intelligence and 14th Conf.~on Innovative Applications of Artificial Intelligence, July 28 - August 1, 2002, Edmonton, Alberta, Canada},
	Year = {2002}}

@article{KaariainenME04,
	Acmid = {1044696},
	Author = {K\"{a}\"{a}ri\"{a}inen, Matti and Malinen, Tuomo and Elomaa, Tapio},
	Date-Added = {2013-03-05 09:48:11 -0500},
	Date-Modified = {2014-03-25 09:36:15 -0400},
	Issn = {1532-4435},
	Issue_Date = {12/1/2004},
	Journal = {J. Mach. Learn. Res.},
	Month = dec,
	Numpages = {20},
	Pages = {1107--1126},
	Publisher = {JMLR.org},
	Title = {Selective Rademacher Penalization and Reduced Error Pruning of Decision Trees},
	Volume = {5},
	Year = {2004},
	Bdsk-Url-1 = {http://dl.acm.org/citation.cfm?id=1005332.1044696}}

@article{Koltchinskii01,
	Author = {Koltchinskii, Vladimir},
	Date-Added = {2013-03-05 09:45:59 -0500},
	Date-Modified = {2014-03-25 09:36:53 -0400},
	Doi = {10.1109/18.930926},
	Issn = {0018-9448},
	Journal = {IEEE Trans.~Inf.~Theory},
	Keywords = {iterative methods;learning systems;minimisation;parameter estimation;probability;risk management;signal classification;Rademacher penalties;Rademacher process;classifiers;complexity penalties;data dependent penalty;data-driven Rademacher penalties;distribution;empirical risk minimizers;iterative approach;learning algorithms;learning problems;oracle inequalities;penalty function;structural minimization;structural risk minimization;upper bounds;Estimation theory;Extraterrestrial measurements;Iterative algorithms;Iterative methods;Mathematics;Random variables;Risk management;Statistical distributions;Training data;Upper bound},
	Month = jul,
	Number = {5},
	Pages = {1902--1914},
	Title = {Rademacher penalties and structural risk minimization},
	Volume = {47},
	Year = {2001},
	Bdsk-Url-1 = {http://dx.doi.org/10.1109/18.930926}}

@article{KoltchinskiiAADP00,
	Author = {Koltchinskii, Vladimir and Abdallah, C.T. and Ariola, Marco and Dorato, Peter and Panchenko, Dmitry},
	Date-Added = {2013-03-05 09:42:49 -0500},
	Date-Modified = {2014-03-25 09:36:38 -0400},
	Doi = {10.1109/9.895579},
	Issn = {0018-9286},
	Journal = {IEEE Trans.~Autom.~Control},
	Keywords = {approximation theory;computational complexity;control system synthesis;decidability;learning (artificial intelligence);probability;robust control;uncertain systems;bootstrap learning methods;robustness levels;sample complexity estimates;statistical learning control;stopping times;Algorithm design and analysis;Computational complexity;Control systems;Learning systems;Monte Carlo methods;Robust control;Robust stability;Statistical learning;Uncertain systems;Vectors},
	Month = dec,
	Number = {12},
	Pages = {2383--2388},
	Title = {Improved sample complexity estimates for statistical learning control of uncertain systems},
	Volume = {45},
	Year = {2000},
	Bdsk-Url-1 = {http://dx.doi.org/10.1109/9.895579}}

@article{NatschlagerS96,
	Author = {Natschl\"{a}ger, Thomas and Schmitt, Michael},
	Date-Added = {2012-11-02 09:35:01 -0400},
	Date-Modified = {2014-03-25 09:38:00 -0400},
	Doi = {10.1016/0020-0190(96)00084-1},
	Issn = {0020-0190},
	Journal = {Inform.~Process.~Lett.},
	Keywords = {Learnability},
	Number = {1},
	Pages = {19--20},
	Title = {Exact {VC}-dimension of Boolean monomials},
	Volume = {59},
	Year = {1996},
	Bdsk-Url-1 = {http://www.sciencedirect.com/science/article/pii/0020019096000841},
	Bdsk-Url-2 = {http://dx.doi.org/10.1016/0020-0190(96)00084-1}}

@article{GandhiSW10,
	Acmid = {1653761},
	Address = {New York, NY, USA},
	Articleno = {1},
	Author = {Gandhi, Sorabh and Suri, Subhash and Welzl, Emo},
	Date-Added = {2012-11-01 15:40:59 -0400},
	Date-Modified = {2014-03-25 09:35:24 -0400},
	Doi = {10.1145/1653760.1653761},
	Issn = {1550-4859},
	Issue_Date = {December 2009},
	Journal = {ACM Trans.~Sensor Netw.},
	Month = jan,
	Number = {1},
	Numpages = {27},
	Pages = {1:1--1:27},
	Publisher = {ACM},
	Title = {Catching elephants with mice: Sparse sampling for monitoring sensor networks},
	Volume = {6},
	Year = {2010},
	Bdsk-Url-1 = {http://doi.acm.org/10.1145/1653760.1653761},
	Bdsk-Url-2 = {http://dx.doi.org/10.1145/1653760.1653761}}

@inproceedings{FeigeM06,
	Acmid = {1132573},
	Address = {New York, NY, USA},
	Author = {Feige, Uriel and Mahdian, Mohammad},
	Booktitle = {Proc.~38th ann.~ACM Symp.~Theory of Computing},
	Date-Added = {2012-11-01 15:39:42 -0400},
	Date-Modified = {2014-03-25 09:35:17 -0400},
	Doi = {10.1145/1132516.1132573},
	Isbn = {1-59593-134-1},
	Keywords = {VC dimension, fixed parameter tractability},
	Location = {Seattle, WA, USA},
	Numpages = {10},
	Pages = {375--384},
	Publisher = {ACM},
	Series = {STOC '06},
	Title = {Finding small balanced separators},
	Year = {2006},
	Bdsk-Url-1 = {http://doi.acm.org/10.1145/1132516.1132573},
	Bdsk-Url-2 = {http://dx.doi.org/10.1145/1132516.1132573}}

@book{AnthonyB99,
	Address = {New York, NY, USA},
	Author = {Anthony, Martin and Bartlett, Peter L.},
	Bibsource = {DBLP, http://dblp.uni-trier.de},
	Date-Added = {2012-11-01 14:59:59 -0400},
	Date-Modified = {2014-03-25 09:33:23 -0400},
	Isbn = {978-0-521-57353-5},
	Pages = {I-XIV, 1-389},
	Publisher = {Cambridge University Press},
	Title = {Neural Network Learning - Theoretical Foundations},
	Year = {1999}}

@article{BenediktL02,
	Author = {Benedikt, Michael and Libkin, Leonid},
	Date-Added = {2012-11-01 14:59:59 -0400},
	Date-Modified = {2014-03-25 09:33:50 -0400},
	Doi = {10.1006/jcss.2001.1810},
	Issn = {0022-0000},
	Journal = {J. Comput. Syst. Sci.},
	Number = {3},
	Pages = {628--654},
	Title = {Aggregate Operators in Constraint Query Languages},
	Volume = {64},
	Year = {2002},
	Bdsk-Url-1 = {http://www.sciencedirect.com/science/article/pii/S0022000001918100},
	Bdsk-Url-2 = {http://dx.doi.org/10.1006/jcss.2001.1810}}

@inproceedings{BlumLR08,
	Acmid = {1374464},
	Address = {New York, NY, USA},
	Author = {Blum, Avrim and Ligett, Katrina and Roth, Aaron},
	Booktitle = {Proc.~40th Annu.~ACM Symp.~Theory of Computing},
	Date-Added = {2012-11-01 14:59:59 -0400},
	Date-Modified = {2014-03-25 09:34:10 -0400},
	Doi = {10.1145/1374376.1374464},
	Isbn = {978-1-60558-047-0},
	Keywords = {learning theory, non-interactive database privacy},
	Location = {Victoria, British Columbia, Canada},
	Numpages = {10},
	Pages = {609--618},
	Publisher = {ACM},
	Series = {STOC '08},
	Title = {A learning theory approach to non-interactive database privacy},
	Year = {2008},
	Bdsk-Url-1 = {http://doi.acm.org/10.1145/1374376.1374464}}

@article{Gross11,
	Acmid = {1929937},
	Address = {New York, NY, USA},
	Articleno = {3},
	Author = {Gross-Amblard, David},
	Date-Added = {2012-11-01 14:59:59 -0400},
	Date-Modified = {2014-03-25 09:35:36 -0400},
	Doi = {10.1145/1929934.1929937},
	Issn = {0362-5915},
	Issue = {1},
	Issue_Date = {March 2011},
	Journal = {ACM Trans.~Database Syst.},
	Keywords = {VC-dimension, watermarking},
	Month = mar,
	Numpages = {24},
	Pages = {3:1--3:24},
	Publisher = {ACM},
	Title = {Query-preserving watermarking of relational databases and Xml documents},
	Volume = {36},
	Year = {2011},
	Bdsk-Url-1 = {http://doi.acm.org/10.1145/1929934.1929937}}

@inproceedings{HausslerW86,
	Acmid = {10522},
	Address = {New York, NY, USA},
	Author = {Haussler, David and Welzl, Emo},
	Booktitle = {Proc.~2nd Annu.~Symp.~Computational geometry},
	Date-Added = {2012-11-01 14:59:59 -0400},
	Date-Modified = {2014-03-25 09:36:06 -0400},
	Doi = {10.1145/10515.10522},
	Isbn = {0-89791-194-6},
	Location = {Yorktown Heights, New York, United States},
	Numpages = {11},
	Pages = {61--71},
	Publisher = {ACM},
	Series = {SCG '86},
	Title = {Epsilon-nets and simplex range queries},
	Year = {1986},
	Bdsk-Url-1 = {http://doi.acm.org/10.1145/10515.10522}}

@article{BartlettBL02,
	Author = {Bartlett, Peter L. and Boucheron, St{\'e}phane and Lugosi, G{\'a}bor},
	Date-Added = {2012-10-05 12:51:07 -0400},
	Date-Modified = {2014-03-25 09:33:35 -0400},
	Doi = {10.1023/A:1013999503812},
	Journal = {Mach. Learn.},
	Pages = {85--113},
	Title = {Model Selection and Error Estimation},
	Volume = {48},
	Year = {2002},
	Bdsk-Url-1 = {http://www.springerlink.com/content/tkyad70c2ep6k22m/fulltext.pdf},
	Bdsk-Url-2 = {http://dx.doi.org/10.1023/A:1013999503812}}

@techreport{Kaariainen04,
	Author = {K{\"a}{\"a}ri{\"a}inen, Matti},
	Date-Added = {2012-10-05 11:05:56 -0400},
	Date-Modified = {2013-03-05 10:13:44 -0500},
	Institution = {Department of Computer Science University of Helsinki},
	Number = {C-2004-57},
	Title = {Relating the {R}ademacher and {VC} Bounds},
	Year = {2004}}

@book{DevroyeGL96,
	Author = {Devroye, Luc and Gy{\"o}rfi, L{\'a}szl{\'o} and Lugosi, G\'{a}bor},
	Date-Added = {2012-10-04 17:22:34 -0400},
	Date-Modified = {2014-03-25 09:34:56 -0400},
	Isbn = {9780387946184},
	Lccn = {95044633},
	Publisher = {Springer Berlin Heidelberg},
	Series = {Applications of Mathematics},
	Title = {A Probabilistic Theory of Pattern Recognition},
	Year = {1996},
	Bdsk-Url-1 = {http://books.google.com/books?id=uDgXoRkyWqQC}}

@proceedings{2003ml,
	Bibsource = {DBLP, http://dblp.uni-trier.de},
	Booktitle = {Advanced Lectures on Machine Learning},
	Date-Added = {2012-10-04 10:17:07 -0400},
	Date-Modified = {2014-03-25 09:32:32 -0400},
	Editor = {Bousquet, Olivier and von Luxburg, Ulrike and R{\"a}tsch, Gunnar},
	Isbn = {3-540-23122-6},
	Publisher = {Springer Berlin Heidelberg},
	Series = {Lecture Notes in Computer Science},
	Title = {Advanced Lectures on Machine Learning, ML Summer Schools 2003, Canberra, Australia, February 2-14, 2003, T{\"u}bingen, Germany, August 4-16, 2003, Revised Lectures},
	Volume = {3176},
	Year = {2004}}

@article{BlumerEHW89,
	Acmid = {76371},
	Address = {New York, NY, USA},
	Author = {Blumer, Anselm and Ehrenfeucht, Andrzej and Haussler, David and Warmuth, Manfred K.},
	Date-Added = {2012-10-04 10:17:07 -0400},
	Date-Modified = {2014-03-25 09:34:02 -0400},
	Doi = {10.1145/76359.76371},
	Issn = {0004-5411},
	Issue = {4},
	Journal = {J. ACM},
	Month = oct,
	Numpages = {37},
	Pages = {929--965},
	Publisher = {ACM},
	Title = {Learnability and the {V}apnik-{C}hervonenkis Dimension},
	Volume = {36},
	Year = {1989},
	Bdsk-Url-1 = {http://doi.acm.org/10.1145/76359.76371}}

@article{BoucheronBL05,
	Abstract = {The last few years have witnessed important new developments in the theory and practice of pattern classification. We intend to survey some of the main new ideas that have led to these recent results.},
	Author = {Boucheron, St\'{e}phane and Bousquet, Olivier and Lugosi, G\'{a}bor},
	Date-Added = {2012-10-04 10:17:07 -0400},
	Date-Modified = {2014-03-25 09:34:17 -0400},
	Journal = {{ESAIM}: Probability and Statistics},
	Keywords = {bounds, complexity, survey, theory},
	Pages = {323--375},
	Title = {Theory of classification : A survey of some recent advances},
	Volume = {9},
	Year = {2005},
	Bdsk-Url-1 = {http://cat.inist.fr/?aModele=afficheN%5C&%5C#38;cpsidt=17367966}}

@inproceedings{BousquetBL03,
	Author = {Bousquet, Olivier and Boucheron, St\'{e}phane and Lugosi, G\'{a}bor},
	Bibsource = {DBLP, http://dblp.uni-trier.de},
	Booktitle = {Advanced Lectures on Machine Learning},
	Date-Added = {2012-10-04 10:17:07 -0400},
	Date-Modified = {2014-03-25 09:34:30 -0400},
	Doi = {10.1007/978-3-540-28650-9_8},
	Editor = {Bousquet, Olivier and von Luxburg, Ulrike and R\"{a}tsch, Gunnar},
	Pages = {169--207},
	Publisher = {Springer Berlin Heidelberg},
	Series = {Lecture Notes in Computer Science},
	Title = {Introduction to Statistical Learning Theory},
	Volume = {3176},
	Year = {2003},
	Bdsk-Url-1 = {http://dx.doi.org/10.1007/978-3-540-28650-9_8}}

@book{Vapnik98,
	Abstract = {{A comprehensive look at learning and generalization theory. The statistical theory of learning and generalization concerns the problem of choosing desired functions on the basis of empirical data. Highly applicable to a variety of computer science and robotics fields, this book offers lucid coverage of the theory as a whole. Presenting a method for determining the necessary and sufficient conditions for consistency of learning process, the author covers function estimates from small data pools, applying these estimations to real-life problems, and much more.}},
	Author = {Vapnik, Vladimir N.},
	Date-Added = {2012-10-04 10:17:07 -0400},
	Date-Modified = {2014-03-25 09:38:56 -0400},
	Isbn = {0471030031},
	Keywords = {machine-learning},
	Priority = {2},
	Publisher = {Wiley},
	Title = {Statistical learning theory},
	Year = {1998},
	Bdsk-Url-1 = {http://www.worldcat.org/isbn/0471030031}}

@inproceedings{NewmanR12,
	Acmid = {2095121},
	Author = {Newman, Ilan and Rabinovich, Yuri},
	Booktitle = {Proc. 23rd Annu.~ACM-SIAM Symp.~Discrete Algorithms},
	Date-Added = {2012-04-22 09:52:06 -0400},
	Date-Modified = {2014-03-25 09:38:06 -0400},
	Location = {Kyoto, Japan},
	Numpages = {17},
	Pages = {51--67},
	Publisher = {SIAM},
	Series = {SODA '12},
	Title = {On Multiplicative {$\lambda$}-Approximations and Some Geometric Applications},
	Year = {2012},
	Bdsk-Url-1 = {http://dl.acm.org/citation.cfm?id=2095116.2095121}}

@inproceedings{MosselU01,
	Author = {Mossel, Elchanan and Umans, Christopher},
	Booktitle = {16th Annu.~IEEE Conf.~Computational Complexity},
	Date-Added = {2012-03-22 15:57:36 -0400},
	Date-Modified = {2012-04-12 10:42:53 -0400},
	Doi = {10.1109/CCC.2001.933889},
	Keywords = {VC dimension approximation complexity;explicit disperser constructions;list-decodable binary codes;randomness extraction problem;set theory;computational complexity;set theory;},
	Pages = {220--225},
	Series = {CCC '01},
	Title = {On the complexity of approximating the {VC} dimension},
	Year = {2001},
	Bdsk-Url-1 = {http://dx.doi.org/10.1109/CCC.2001.933889}}

@article{LinialMR91,
	Author = {Linial, Nathan and Mansour, Yishay and Rivest, Ronald L.},
	Date-Added = {2012-03-22 15:54:47 -0400},
	Date-Modified = {2014-03-25 09:37:13 -0400},
	Doi = {10.1016/0890-5401(91)90058-A},
	Issn = {0890-5401},
	Journal = {Information and Computation},
	Number = {1},
	Pages = {33--49},
	Title = {Results on learnability and the {V}apnik-{C}hervonenkis dimension},
	Volume = {90},
	Year = {1991},
	Bdsk-Url-1 = {http://www.sciencedirect.com/science/article/pii/089054019190058A},
	Bdsk-Url-2 = {http://dx.doi.org/10.1016/0890-5401(91)90058-A}}

@book{Vapnik99,
	Address = {New York, NY, USA},
	Author = {Vapnik, Vladimir N.},
	Date-Added = {2011-08-01 18:41:29 -0400},
	Date-Modified = {2011-11-10 23:27:33 -0500},
	Isbn = {9780387987804},
	Keywords = {vcdim},
	Lccn = {99039803},
	Publisher = {Springer-Verlag},
	Series = {Statistics for engineering and information science},
	Title = {The Nature of Statistical Learning Theory},
	Year = {1999},
	Bdsk-Url-1 = {http://books.google.com/books?id=sna9BaxVbj8C}}

@book{Miller81,
	Address = {New York, NY, USA},
	Author = {Miller, Rupert G.},
	Date-Added = {2011-08-01 17:33:37 -0400},
	Date-Modified = {2011-08-01 18:56:00 -0400},
	Publisher = {Springer-Verlag},
	Series = {Springer series in statistics},
	Title = {Simultaneous Statistical Inference},
	Year = {1981}}

@incollection{LofflerP09,
	Affiliation = {Utrecht University Department of Information and Computing Sciences},
	Author = {L\"{o}ffler, Maarten and Phillips, Jeff M.},
	Booktitle = {Algorithms - ESA 2009},
	Date-Added = {2011-04-27 10:39:29 -0400},
	Date-Modified = {2014-03-25 09:37:32 -0400},
	Doi = {10.1007/978-3-642-04128-0_29},
	Editor = {Fiat, Amos and Sanders, Peter},
	Keywords = {vcdim},
	Pages = {313--324},
	Publisher = {Springer Berlin Heidelberg},
	Series = {Lecture Notes in Computer Science},
	Title = {Shape Fitting on Point Sets with Probability Distributions},
	Volume = {5757},
	Year = {2009},
	Bdsk-Url-1 = {http://dx.doi.org/10.1007/978-3-642-04128-0_29}}

@article{HarPS11,
	Affiliation = {Department of Computer Science, University of Illinois, 201 N. Goodwin Avenue, Urbana, IL 61801, USA},
	Author = {Har-Peled, Sariel and Sharir, Micha},
	Date-Added = {2011-04-27 10:25:49 -0400},
	Date-Modified = {2014-03-25 09:35:48 -0400},
	Doi = {10.1007/s00454-010-9248-1},
	Issn = {0179-5376},
	Journal = {Discrete \& Computational Geometry},
	Keyword = {Mathematics and Statistics},
	Keywords = {vcdim},
	Number = {3},
	Pages = {462--496},
	Publisher = {Springer-Verlag},
	Title = {Relative $(p,\varepsilon)$-Approximations in Geometry},
	Volume = {45},
	Year = {2011},
	Bdsk-Url-1 = {http://dx.doi.org/10.1007/s00454-010-9248-1}}

@article{VapnikC71,
	Author = {Vapnik, Vladimir N. and Chervonenkis, Alexey J.},
	Date-Added = {2011-04-12 15:49:14 -0400},
	Date-Modified = {2011-04-27 10:42:59 -0400},
	Doi = {10.1137/1116025},
	Journal = {Theory of Probability and its Applications},
	Keywords = {vcdim},
	Number = 2,
	Pages = {264--280},
	Publisher = {SIAM},
	Title = {On the Uniform Convergence of Relative Frequencies of Events to Their Probabilities},
	Volume = 16,
	Year = 1971,
	Bdsk-File-1 = {YnBsaXN0MDDUAQIDBAUGJCVYJHZlcnNpb25YJG9iamVjdHNZJGFyY2hpdmVyVCR0b3ASAAGGoKgHCBMUFRYaIVUkbnVsbNMJCgsMDxJXTlMua2V5c1pOUy5vYmplY3RzViRjbGFzc6INDoACgAOiEBGABIAFgAdccmVsYXRpdmVQYXRoWWFsaWFzRGF0YV8QSy4uLy4uL2RhdGFiYXNlcy9hcHByb3gvYmlibGlvL1ZhcG5pa0NoZXJ2b25lbmtpczE5NzEtVkNEaW1PcmlnaW5hbFBhcGVyLnBkZtIXCxgZV05TLmRhdGFPEQJCAAAAAAJCAAIAAAxNYWNpbnRvc2ggSEQAAAAAAAAAAAAAAAAAAADQiVX6SCsAAAAXxUwfVmFwbmlrQ2hlcnZvbmVua2lzMTkjMTdDNTdFLnBkZgAAAAAAAAAAAAAAAAAAAAAAAAAAAAAAAAAAAAAAAAAAABfFfsjSrpNQREYgQ0FSTwACAAQAAAkgAAAAAAAAAAAAAAAAAAAABmJpYmxpbwAQAAgAANCJnEoAAAARAAgAAMjS5tMAAAABACAAF8VMABfDqgAXw6gAF1BKABdF0QAJO0MACTtCAAKT0wACAGtNYWNpbnRvc2ggSEQ6VXNlcnM6AG1hdHRlbzoARG9jdW1lbnRzOgB1bmk6AHJlczoAZGF0YWJhc2VzOgBhcHByb3g6AGJpYmxpbzoAVmFwbmlrQ2hlcnZvbmVua2lzMTkjMTdDNTdFLnBkZgAADgBcAC0AVgBhAHAAbgBpAGsAQwBoAGUAcgB2AG8AbgBlAG4AawBpAHMAMQA5ADcAMQAtAFYAQwBEAGkAbQBPAHIAaQBnAGkAbgBhAGwAUABhAHAAZQByAC4AcABkAGYADwAaAAwATQBhAGMAaQBuAHQAbwBzAGgAIABIAEQAEgBkVXNlcnMvbWF0dGVvL0RvY3VtZW50cy91bmkvcmVzL2RhdGFiYXNlcy9hcHByb3gvYmlibGlvL1ZhcG5pa0NoZXJ2b25lbmtpczE5NzEtVkNEaW1PcmlnaW5hbFBhcGVyLnBkZgATAAEvAAAVAAIADf//AACABtIbHB0eWiRjbGFzc25hbWVYJGNsYXNzZXNdTlNNdXRhYmxlRGF0YaMdHyBWTlNEYXRhWE5TT2JqZWN00hscIiNcTlNEaWN0aW9uYXJ5oiIgXxAPTlNLZXllZEFyY2hpdmVy0SYnVHJvb3SAAQAIABEAGgAjAC0AMgA3AEAARgBNAFUAYABnAGoAbABuAHEAcwB1AHcAhACOANwA4QDpAy8DMQM2A0EDSgNYA1wDYwNsA3EDfgOBA5MDlgObAAAAAAAAAgEAAAAAAAAAKAAAAAAAAAAAAAAAAAAAA50=},
	Bdsk-Url-1 = {http://dx.doi.org/10.1137/1116025}}

@book{Matousek02,
	Address = {Secaucus, NJ, USA},
	Author = {Matou\v{s}ek, Ji\v{r}\'{i}},
	Date-Added = {2011-04-12 15:45:07 -0400},
	Date-Modified = {2011-08-01 18:59:40 -0400},
	Isbn = {0387953744},
	Keywords = {vcdim},
	Publisher = {Springer-Verlag},
	Title = {Lectures on Discrete Geometry},
	Year = {2002}}

@article{LiLS01,
	Author = {Li, Yi and Long, Philip M. and Srinivasan, Aravind},
	Date-Added = {2011-04-12 15:35:05 -0400},
	Date-Modified = {2014-03-25 09:36:59 -0400},
	Doi = {10.1006/jcss.2000.1741},
	Issn = {0022-0000},
	Journal = {J. Comp. Sys. Sci.},
	Keywords = {sample complexity; vcdim},
	Number = {3},
	Pages = {516--527},
	Title = {Improved Bounds on the Sample Complexity of Learning},
	Volume = {62},
	Year = {2001},
	Bdsk-File-1 = {YnBsaXN0MDDUAQIDBAUGJCVYJHZlcnNpb25YJG9iamVjdHNZJGFyY2hpdmVyVCR0b3ASAAGGoKgHCBMUFRYaIVUkbnVsbNMJCgsMDxJXTlMua2V5c1pOUy5vYmplY3RzViRjbGFzc6INDoACgAOiEBGABIAFgAdccmVsYXRpdmVQYXRoWWFsaWFzRGF0YV8QSy4uLy4uL2RhdGFiYXNlcy9hcHByb3gvYmlibGlvL0xpRXRBbDIwMDEtSW1wcm92ZWRCb3VuZHNTYW1wbGVDb21wbGV4aXR5LnBkZtIXCxgZV05TLmRhdGFPEQJCAAAAAAJCAAIAAAxNYWNpbnRvc2ggSEQAAAAAAAAAAAAAAAAAAADQiVX6SCsAAAAXxUwfTGlFdEFsMjAwMS1JbXByb3ZlZEIjMTdDNTcwLnBkZgAAAAAAAAAAAAAAAAAAAAAAAAAAAAAAAAAAAAAAAAAAABfFcMmdC5NQREYgQ0FSTwACAAQAAAkgAAAAAAAAAAAAAAAAAAAABmJpYmxpbwAQAAgAANCJnEoAAAARAAgAAMmdUeMAAAABACAAF8VMABfDqgAXw6gAF1BKABdF0QAJO0MACTtCAAKT0wACAGtNYWNpbnRvc2ggSEQ6VXNlcnM6AG1hdHRlbzoARG9jdW1lbnRzOgB1bmk6AHJlczoAZGF0YWJhc2VzOgBhcHByb3g6AGJpYmxpbzoATGlFdEFsMjAwMS1JbXByb3ZlZEIjMTdDNTcwLnBkZgAADgBcAC0ATABpAEUAdABBAGwAMgAwADAAMQAtAEkAbQBwAHIAbwB2AGUAZABCAG8AdQBuAGQAcwBTAGEAbQBwAGwAZQBDAG8AbQBwAGwAZQB4AGkAdAB5AC4AcABkAGYADwAaAAwATQBhAGMAaQBuAHQAbwBzAGgAIABIAEQAEgBkVXNlcnMvbWF0dGVvL0RvY3VtZW50cy91bmkvcmVzL2RhdGFiYXNlcy9hcHByb3gvYmlibGlvL0xpRXRBbDIwMDEtSW1wcm92ZWRCb3VuZHNTYW1wbGVDb21wbGV4aXR5LnBkZgATAAEvAAAVAAIADf//AACABtIbHB0eWiRjbGFzc25hbWVYJGNsYXNzZXNdTlNNdXRhYmxlRGF0YaMdHyBWTlNEYXRhWE5TT2JqZWN00hscIiNcTlNEaWN0aW9uYXJ5oiIgXxAPTlNLZXllZEFyY2hpdmVy0SYnVHJvb3SAAQAIABEAGgAjAC0AMgA3AEAARgBNAFUAYABnAGoAbABuAHEAcwB1AHcAhACOANwA4QDpAy8DMQM2A0EDSgNYA1wDYwNsA3EDfgOBA5MDlgObAAAAAAAAAgEAAAAAAAAAKAAAAAAAAAAAAAAAAAAAA50=},
	Bdsk-Url-1 = {http://www.sciencedirect.com/science/article/B6WJ0-45B65MX-H/2/3b0f2dd50a30dcee8b995d701959f15f},
	Bdsk-Url-2 = {http://dx.doi.org/10.1006/jcss.2000.1741}}

@book{Chazelle00,
	Address = {New York, NY, USA},
	Author = {Chazelle, Bernard},
	Date-Added = {2011-04-12 15:17:49 -0400},
	Date-Modified = {2011-04-15 14:05:05 -0400},
	Isbn = {0-521-00357-1},
	Keywords = {vcdim},
	Publisher = {Cambridge University Press},
	Title = {The discrepancy method: randomness and complexity},
	Year = {2000}}

@book{AlonS08,
	Address = {Hoboken, NJ, USA},
	Author = {Alon, Noga and Spencer, Joel H.},
	Date-Added = {2011-04-12 12:07:50 -0400},
	Date-Modified = {2011-04-27 10:23:48 -0400},
	Edition = {third},
	Keywords = {vcdim},
	Publisher = {John Wiley {\&} Sons},
	Series = {Interscience Series in Discrete Mathematics and Optimization},
	Title = {The Probabilistic Method},
	Year = {2008}}
